1705 2719
161 189 220 220 144
765 190 943 221 PLAVTI
1356 188 1428 232 [111.
1448 199 1477 222 2.
1494 191 1547 223 62.

161 301 240 341 LE.
290 300 405 341 Nolo
429 315 514 354 ego
539 301 644 341 mihi
679 309 723 342 te
758 301 846 341 tam
882 302 1134 354 prospicere
1167 301 1242 355 qui
1276 314 1417 343 meam
1451 315 1548 355 ege-

340 374 501 414 statem
528 373 663 421 leues,

160 445 246 486 Sed
288 452 334 484 ut
375 445 502 498 inops
543 444 720 485 infamis
761 458 816 486 ne
851 445 953 486 sim:
998 446 1053 487 ne
1088 445 1194 486 mihi
1233 445 1348 487 hanc
1385 445 1548 487 famam

338 516 561 564 differant,

161 589 234 629 Me'
257 601 514 641 germanam
540 588 682 628 meam
707 602 902 629 sororem
929 589 971 629 in
997 587 1340 630 concubinatum
1365 588 1459 638 tibi,
1483 599 1550 641 690

159 660 207 701 δι’
231 660 327 701 sine
351 661 454 700 dote
477 660 590 708 dem,
616 660 792 701 dedisse
817 660 957 713 magis
981 674 1110 714 quarn
1136 660 1179 700 in
1205 659 1545 702 matrimonium.

160 732 273 785 Quis
297 745 367 772 me
391 732 618 785 inprobior
640 732 925 786 perhibeatur
948 733 1076 773 esse?
1131 732 1240 773 haec
1267 731 1548 786 famigeratio

159 805 222 845 Te'
257 804 479 853 honestet,
506 817 576 844 me
611 803 950 845 conlutulentet.
1018 804 1055 844 si
1089 804 1186 845 sine
1219 804 1323 845 dote
1356 803 1546 854 duxeris,

157 876 258 916 Tibi
275 876 332 916 sit
348 876 696 917 emolumentum
717 876 897 917 honoris
915 891 923 917 :
948 876 1053 916 mihi
1069 877 1187 930 quod
1204 876 1428 918 obiectent
1447 876 1545 918 siet.

162 949 239 989 LY.
289 948 432 1001 Quid?
479 955 522 988 te
546 947 806 989 dictato'rem
832 961 990 989 censes
1013 947 1122 997 fore,
1147 947 1184 988 si
1214 961 1291 1002 aps
1322 953 1367 989 te
1393 961 1546 1002 agrum

339 1020 611 1073 acceperim?
1483 1018 1549 1063 695

162 1093 241 1132 LE.
292 1092 449 1145 Ne'que
486 1091 584 1132 uolo
620 1105 764 1145 neque
799 1091 974 1145 postulo
1006 1105 1150 1146 neque
1173 1092 1361 1134 censeo:
1395 1090 1547 1133 uerum

341 1171 490 1204 tamen

161 1226 204 1276 Is
228 1243 294 1276 est
320 1236 461 1276 honos
486 1235 653 1276 homini
676 1235 836 1288 pudico
859 1236 1118 1277 me'minisse
1141 1234 1330 1277 officium
1355 1248 1494 1276 suom.

163 1308 242 1348 Lxx
290 1307 392 1348 Scio
417 1308 619 1361 equidem
652 1315 696 1347 te
730 1307 950 1348 animatus
986 1314 1032 1348 ut
1068 1307 1154 1349 sis:
1187 1307 1330 1356 uideo,
1356 1306 1545 1356 subolet,

341 1380 498 1420 sentio,

161 1441 209 1492 fd
234 1451 329 1504 agis
355 1458 416 1500 ut,
443 1451 518 1492 ubi
553 1451 833 1492 adfinitatem
870 1451 984 1492 inte'r
1017 1465 1097 1492 nos
1132 1457 1328 1492 nostram
1362 1450 1548 1493 adstrin-

342 1523 457 1564 xeris

160 1587 312 1649 Atque
347 1609 447 1636 eum
487 1609 640 1648 agrurn
675 1595 850 1636 dederis
885 1609 966 1636 nec
1000 1595 1233 1649 quicquam
1270 1595 1339 1636 hic
1372 1594 1452 1636 tibi
1485 1594 1543 1636 sit

341 1667 414 1720 qui
438 1667 573 1707 uitam
600 1667 730 1715 colas,
1484 1674 1550 1706 700

163 1731 364 1792 Effugias
388 1753 440 1779 ex
466 1738 572 1779 urbe
596 1739 752 1787 inanis,
779 1739 995 1792 profugus
1020 1739 1205 1792 patriam
1235 1739 1424 1787 deseraS,

160 1810 401 1863 Cognatos,
428 1810 723 1859 adfinitatem,
751 1810 930 1859 amicos,
957 1811 1088 1852 factis
1113 1810 1290 1864 nuptiis.

162 1883 263 1923 Mea
290 1896 423 1936 opera
456 1882 558 1923 hinc
593 1883 876 1936 proterritum
913 1889 957 1923 te
991 1881 1176 1937 meaque
1209 1882 1395 1924 auaritia
1426 1881 1548 1923 autu-

341 1960 462 1994 ment
487 1968 495 1994 :

159 2048 225 2087 ing.
275 2047 329 2077 Cf.
348 2048 428 2078 Aul.
450 2047 521 2089 598,
540 2052 578 2078 nt
596 2058 670 2078 eum
695 2048 818 2084 toleret,
882 2049 1016 2087 gracech
1034 2049 1244 2079 dishonored.
1293 2047 1347 2080 Cf.
1365 2049 1458 2089 Capt.
1475 2047 1547 2089 326,

160 2103 200 2122 ne
227 2098 360 2131 pessum
393 2093 495 2127 abeat,
520 2092 596 2132 keep
628 2093 699 2123 him
719 2092 817 2133 from
888 2091 956 2123 and
973 2093 1176 2132 opulentare,
1193 2092 1436 2123 turbulentare.

155 2137 259 2176 going
268 2141 298 2166 to
311 2136 534 2177 raim—qui
549 2147 555 2166 ε
570 2136 650 2167 here
669 2136 726 2166 the
740 2135 818 2172 abl.‚
933 2136 1006 2176 694.
1032 2137 1200 2174 honoris,
1255 2137 1369 2173 credit,
1422 2139 1547 2166 esteem.

159 2180 226 2210 and
238 2180 312 2211 also
323 2180 356 2210 in
370 2180 427 2210 the
438 2180 819 2211 nextline.—m0enia
891 2180 956 2211 But
983 2180 1150 2222 Lysiteles
1181 2179 1343 2221 pretends
1367 2178 1549 2211 tounder-

159 2237 199 2249 =
211 2225 330 2254 munia
344 2234 357 2260 ,·
381 2234 439 2255 see
457 2233 496 2261 24
515 2235 548 2254 n.
888 2224 991 2255 stand
1007 2224 1043 2261 it,
1060 2234 1098 2255 as
1114 2224 1147 2255 in
1165 2223 1240 2266 663,
1258 2223 1296 2255 of
1318 2223 1434 2265 public
1450 2222 1549 2255 office

203 2268 278 2308 689.
303 2268 391 2299 sed:
416 2278 462 2299 sc.
481 2270 556 2299 uolo
576 2273 606 2299 te
619 2269 819 2308 prospicere,
888 2268 955 2299 and
976 2274 1012 2299 to
1033 2268 1130 2299 think
1157 2268 1232 2300 that
1258 2267 1472 2300 Lesbonicus
1495 2266 1550 2299 be-

159 2322 179 2342 a
195 2312 366 2352 complete
390 2311 605 2343 adversative
630 2311 766 2344 instead
783 2311 821 2343 of
888 2312 993 2344 lieves
1018 2312 1093 2344 that
1118 2312 1176 2344 the
1204 2321 1386 2353 possessor
1410 2311 1449 2343 of
1471 2310 1548 2342 that

159 2356 216 2387 the
234 2356 468 2396 comparative
484 2356 598 2387 clause
612 2356 690 2386 with
705 2367 819 2397 quam.
889 2356 967 2387 field
985 2357 1049 2387 will
1068 2356 1110 2388 be
1126 2367 1204 2388 sure
1221 2356 1259 2387 of
1274 2356 1329 2388 his
1345 2355 1503 2387 election.

159 2401 333 2441 —inops,
351 2401 474 2439 though
487 2405 579 2440 poor.
934 2409 1006 2442 703.
1033 2405 1251 2432 autument:
1267 2401 1329 2437 i.e.‚
1346 2399 1406 2431 the
1421 2398 1547 2440 public,

203 2444 277 2485 693.
303 2445 599 2476 conlutulentet:
617 2444 726 2475 found
738 2445 819 2486 only
886 2445 971 2485 they.
1020 2444 1096 2476 The
1120 2444 1277 2486 subjunc.
1294 2444 1324 2475 is
1339 2443 1408 2475 due
1427 2448 1464 2475 to
1487 2442 1548 2475 the

159 2488 239 2519 here
267 2488 334 2519 and
366 2487 471 2519 based
502 2499 592 2529 upon
621 2489 818 2524 lutulentus.
887 2488 1121 2530 hypothetical
1139 2487 1264 2520 ideain
1286 2487 1346 2520 the
1363 2485 1549 2531 preceding

159 2533 296 2571 madly,
313 2533 346 2563 in
364 2533 407 2563 its
425 2532 604 2573 figurative
627 2543 738 2566 sense.
754 2533 818 2563 dis-
885 2539 1057 2564 sentence.
