<?xml version="1.0" encoding="UTF-8"?>
<!DOCTYPE html PUBLIC "-//W3C//DTD XHTML 1.0 Transitional//EN"
    "http://www.w3.org/TR/xhtml1/DTD/xhtml1-transitional.dtd">
<html xmlns="http://www.w3.org/1999/xhtml" xml:lang="en" lang="en">
 <head>
  <title>
</title>
<meta http-equiv="Content-Type" content="text/html;charset=utf-8" />
  <meta name='ocr-system' content='tesseract 3.04.00' />
  <meta name='ocr-capabilities' content='ocr_page ocr_carea ocr_par ocr_line ocrx_word'/>
</head>
<body>
  <div class='ocr_page' id='page_1' title='image "./captivestrinummu00plauuoft_0100.png"; bbox 0 0 1705 2719; ppageno 0'>
   <div class='ocr_carea' id='block_1_1' title="bbox 119 205 1505 249">
    <p class='ocr_par' dir='ltr' id='par_1_1' title="bbox 119 205 1505 249">
     <span class='ocr_line' id='line_1_1' title="bbox 119 205 1505 249; baseline -0.001 -10"><span class='ocrx_word' id='word_1_1' title='bbox 119 207 160 239; x_wconf 82' lang='lat'>50</span> <span class='ocrx_word' id='word_1_2' title='bbox 724 207 899 237; x_wconf 74' lang='lat' dir='ltr'>PLAVTI</span> <span class='ocrx_word' id='word_1_3' title='bbox 1315 205 1387 249; x_wconf 85' lang='grc' dir='ltr'><strong>[ιιι.</strong></span> <span class='ocrx_word' id='word_1_4' title='bbox 1406 215 1434 245; x_wconf 83' lang='grc'>4.</span> <span class='ocrx_word' id='word_1_5' title='bbox 1453 214 1505 248; x_wconf 83' lang='lat'>35.</span> 
     </span>
    </p>
   </div>
   <div class='ocr_carea' id='block_1_2' title="bbox 119 308 1512 1882">
    <p class='ocr_par' dir='ltr' id='par_1_2' title="bbox 120 308 1506 442">
     <span class='ocr_line' id='line_1_2' title="bbox 120 308 1506 372; baseline -0.001 -13"><span class='ocrx_word' id='word_1_6' title='bbox 120 318 205 359; x_wconf 62' lang='lat' dir='ltr'>Aa.</span> <span class='ocrx_word' id='word_1_7' title='bbox 255 308 396 358; x_wconf 71' lang='lat' dir='ltr'>[mmo</span> <span class='ocrx_word' id='word_1_8' title='bbox 423 318 505 358; x_wconf 83' lang='lat' dir='ltr'>iste</span> <span class='ocrx_word' id='word_1_9' title='bbox 535 331 635 358; x_wconf 82' lang='lat' dir='ltr'>eum</span> <span class='ocrx_word' id='word_1_10' title='bbox 668 331 766 358; x_wconf 86' lang='lat' dir='ltr'>sese</span> <span class='ocrx_word' id='word_1_11' title='bbox 795 318 853 358; x_wconf 83' lang='lat' dir='ltr'>ait</span> <span class='ocrx_word' id='word_1_12' title='bbox 885 318 959 371; x_wconf 89' lang='lat' dir='ltr'>qui</span> <span class='ocrx_word' id='word_1_13' title='bbox 996 332 1083 359; x_wconf 90' lang='lat' dir='ltr'>non</span> <span class='ocrx_word' id='word_1_14' title='bbox 1116 323 1183 358; x_wconf 90' lang='lat' dir='ltr'>est</span> <span class='ocrx_word' id='word_1_15' title='bbox 1220 318 1319 359; x_wconf 72' lang='lat' dir='ltr'>esse</span> <span class='ocrx_word' id='word_1_16' title='bbox 1355 323 1398 358; x_wconf 89' lang='lat' dir='ltr'>et</span> <span class='ocrx_word' id='word_1_17' title='bbox 1433 317 1506 372; x_wconf 89' lang='lat' dir='ltr'>qui</span> 
     </span>
     <span class='ocr_line' id='line_1_3' title="bbox 302 390 623 442; baseline 0 -12"><span class='ocrx_word' id='word_1_18' title='bbox 302 390 449 430; x_wconf 75' lang='lat' dir='ltr'>uerost</span> <span class='ocrx_word' id='word_1_19' title='bbox 477 396 623 442; x_wconf 76' lang='lat' dir='ltr'>negat.</span> 
     </span>
    </p>

    <p class='ocr_par' dir='ltr' id='par_1_3' title="bbox 119 460 1508 574">
     <span class='ocr_line' id='line_1_4' title="bbox 119 460 1508 515; baseline 0 -12"><span class='ocrx_word' id='word_1_20' title='bbox 119 463 232 503; x_wconf 65' lang='lat' dir='ltr'>Tm.</span> <span class='ocrx_word' id='word_1_21' title='bbox 279 463 347 502; x_wconf 86' lang='lat' dir='ltr'>Tu</span> <span class='ocrx_word' id='word_1_22' title='bbox 403 462 520 502; x_wconf 64' lang='lat' dir='ltr'>onim</span> <span class='ocrx_word' id='word_1_23' title='bbox 579 461 810 515; x_wconf 86' lang='lat' dir='ltr'>repertu&#39;s,</span> <span class='ocrx_word' id='word_1_24' title='bbox 860 461 1151 503; x_wconf 72' lang='lat' dir='ltr'>Philocratem</span> <span class='ocrx_word' id='word_1_25' title='bbox 1205 461 1280 515; x_wconf 88' lang='lat' dir='ltr'>qui</span> <span class='ocrx_word' id='word_1_26' title='bbox 1324 460 1508 515; x_wconf 72' lang='lat' dir='ltr'>siiperes</span> 
     </span>
     <span class='ocr_line' id='line_1_5' title="bbox 303 533 564 574; baseline -0.004 0"><span class='ocrx_word' id='word_1_27' title='bbox 303 533 564 574; x_wconf 65' lang='lat' dir='ltr'>ucriuorbio.</span> 
     </span>
    </p>

    <p class='ocr_par' dir='ltr' id='par_1_4' title="bbox 120 604 1509 659">
     <span class='ocr_line' id='line_1_6' title="bbox 120 604 1509 659; baseline -0.001 -12"><span class='ocrx_word' id='word_1_28' title='bbox 120 607 208 647; x_wconf 62' lang='lat' dir='ltr'>AR.</span> <span class='ocrx_word' id='word_1_29' title='bbox 259 606 331 646; x_wconf 82' lang='lat' dir='ltr'>l‘ol</span> <span class='ocrx_word' id='word_1_30' title='bbox 352 619 435 659; x_wconf 84' lang='lat' dir='ltr'>ego</span> <span class='ocrx_word' id='word_1_31' title='bbox 454 613 501 646; x_wconf 88' lang='lat' dir='ltr'>ut</span> <span class='ocrx_word' id='word_1_32' title='bbox 522 619 613 646; x_wconf 87' lang='lat' dir='ltr'>rem</span> <span class='ocrx_word' id='word_1_33' title='bbox 640 605 780 653; x_wconf 82' lang='lat' dir='ltr'>uideo,</span> <span class='ocrx_word' id='word_1_34' title='bbox 799 611 846 645; x_wconf 89' lang='lat' dir='ltr'>tu</span> <span class='ocrx_word' id='word_1_35' title='bbox 872 604 1109 654; x_wconf 59' lang='lat' dir='ltr'>inuentffs,</span> <span class='ocrx_word' id='word_1_36' title='bbox 1131 606 1234 646; x_wconf 78' lang='lat' dir='ltr'>uera</span> <span class='ocrx_word' id='word_1_37' title='bbox 1250 604 1509 646; x_wconf 69' lang='lat' dir='ltr'>uaniti&#39;idine</span> 
     </span>
    </p>

    <p class='ocr_par' dir='ltr' id='par_1_5' title="bbox 121 677 1510 791">
     <span class='ocr_line' id='line_1_7' title="bbox 121 677 1505 732; baseline -0.001 -13"><span class='ocrx_word' id='word_1_38' title='bbox 121 679 210 732; x_wconf 78' lang='lat' dir='ltr'>Qui</span> <span class='ocrx_word' id='word_1_39' title='bbox 233 678 485 719; x_wconf 79' lang='lat' dir='ltr'>conuincas.</span> <span class='ocrx_word' id='word_1_40' title='bbox 512 678 588 718; x_wconf 68' lang='lat' dir='ltr'>sed</span> <span class='ocrx_word' id='word_1_41' title='bbox 613 691 778 731; x_wconf 80' lang='lat' dir='ltr'>quaeso</span> <span class='ocrx_word' id='word_1_42' title='bbox 802 677 950 718; x_wconf 82' lang='lat' dir='ltr'>hercle</span> <span class='ocrx_word' id='word_1_43' title='bbox 969 678 1156 731; x_wconf 85' lang='lat' dir='ltr'>agedum</span> <span class='ocrx_word' id='word_1_44' title='bbox 1173 677 1322 731; x_wconf 61' lang='lat' dir='ltr'>{rspice</span> <span class='ocrx_word' id='word_1_45' title='bbox 1345 677 1399 718; x_wconf 89' lang='lat' dir='ltr'>ad</span> <span class='ocrx_word' id='word_1_46' title='bbox 1423 690 1505 719; x_wconf 89' lang='lat' dir='ltr'>me.</span> 
     </span>
     <span class='ocr_line' id='line_1_8' title="bbox 301 749 1510 791; baseline -0.001 -1"><span class='ocrx_word' id='word_1_47' title='bbox 301 751 413 790; x_wconf 66' lang='lat' dir='ltr'>Tm.</span> <span class='ocrx_word' id='word_1_48' title='bbox 464 750 560 790; x_wconf 83' lang='lat' dir='ltr'>Em.</span> <span class='ocrx_word' id='word_1_49' title='bbox 627 749 715 790; x_wconf 69' lang='lat' dir='ltr'>AR.</span> <span class='ocrx_word' id='word_1_50' title='bbox 764 749 847 790; x_wconf 80' lang='lat' dir='ltr'>Dic</span> <span class='ocrx_word' id='word_1_51' title='bbox 872 749 1001 790; x_wconf 86' lang='lat' dir='ltr'>modo</span> <span class='ocrx_word' id='word_1_52' title='bbox 1027 764 1034 790; x_wconf 91' lang='lat'><strong>:</strong></span> <span class='ocrx_word' id='word_1_53' title='bbox 1448 756 1510 791; x_wconf 85' lang='lat'>570</span> 
     </span>
    </p>

    <p class='ocr_par' dir='ltr' id='par_1_6' title="bbox 120 821 1507 934">
     <span class='ocr_line' id='line_1_9' title="bbox 120 821 1507 875; baseline 0 -13"><span class='ocrx_word' id='word_1_54' title='bbox 120 822 219 862; x_wconf 69' lang='lat' dir='ltr'>Ti&#39;m</span> <span class='ocrx_word' id='word_1_55' title='bbox 245 836 380 874; x_wconf 77' lang='lat' dir='ltr'>negas</span> <span class='ocrx_word' id='word_1_56' title='bbox 415 828 459 862; x_wconf 86' lang='lat' dir='ltr'>te</span> <span class='ocrx_word' id='word_1_57' title='bbox 493 821 749 875; x_wconf 58' lang='lat' dir='ltr'>Tyndarum</span> <span class='ocrx_word' id='word_1_58' title='bbox 796 821 925 861; x_wconf 86' lang='lat' dir='ltr'>esse?</span> <span class='ocrx_word' id='word_1_59' title='bbox 981 821 1094 862; x_wconf 66' lang='lat' dir='ltr'>Tm.</span> <span class='ocrx_word' id='word_1_60' title='bbox 1143 821 1271 875; x_wconf 68' lang='lat' dir='ltr'>Nego</span> <span class='ocrx_word' id='word_1_61' title='bbox 1315 821 1507 875; x_wconf 90' lang='lat' dir='ltr'>inquam.</span> 
     </span>
     <span class='ocr_line' id='line_1_10' title="bbox 304 893 923 934; baseline 0 -1"><span class='ocrx_word' id='word_1_62' title='bbox 304 894 390 934; x_wconf 82' lang='grc' dir='ltr'>Ακ.</span> <span class='ocrx_word' id='word_1_63' title='bbox 436 894 535 933; x_wconf 85' lang='lat' dir='ltr'>Tun</span> <span class='ocrx_word' id='word_1_64' title='bbox 561 900 606 934; x_wconf 80' lang='lat' dir='ltr'>te</span> <span class='ocrx_word' id='word_1_65' title='bbox 633 893 923 934; x_wconf 71' lang='lat' dir='ltr'>Philocratem</span> 
     </span>
    </p>

    <p class='ocr_par' dir='ltr' id='par_1_7' title="bbox 125 959 1510 1091">
     <span class='ocr_line' id='line_1_11' title="bbox 125 959 1510 1019; baseline 0 -13"><span class='ocrx_word' id='word_1_66' title='bbox 125 959 236 1006; x_wconf 71' lang='lat' dir='ltr'>Esse</span> <span class='ocrx_word' id='word_1_67' title='bbox 266 966 365 1006; x_wconf 75' lang='lat' dir='ltr'>ais?</span> <span class='ocrx_word' id='word_1_68' title='bbox 400 966 514 1006; x_wconf 66' lang='lat' dir='ltr'>‘rx-N.</span> <span class='ocrx_word' id='word_1_69' title='bbox 563 966 659 1018; x_wconf 78' lang='lat' dir='ltr'>Ego</span> <span class='ocrx_word' id='word_1_70' title='bbox 685 965 877 1019; x_wconf 83' lang='lat' dir='ltr'>inquam.</span> <span class='ocrx_word' id='word_1_71' title='bbox 923 965 1011 1006; x_wconf 79' lang='grc' dir='ltr'>Ακ.</span> <span class='ocrx_word' id='word_1_72' title='bbox 1058 964 1186 1006; x_wconf 74' lang='lat' dir='ltr'>Ti&#39;me</span> <span class='ocrx_word' id='word_1_73' title='bbox 1209 965 1310 1007; x_wconf 88' lang='lat' dir='ltr'>huic</span> <span class='ocrx_word' id='word_1_74' title='bbox 1334 964 1510 1007; x_wconf 87' lang='lat' dir='ltr'>credis?</span> 
     </span>
     <span class='ocr_line' id='line_1_12' title="bbox 306 1036 1258 1091; baseline 0 -14"><span class='ocrx_word' id='word_1_75' title='bbox 306 1038 392 1078; x_wconf 72' lang='lat'>111-2.</span> <span class='ocrx_word' id='word_1_76' title='bbox 443 1036 542 1077; x_wconf 68' lang='lat' dir='ltr'>l’li&#39;is</span> <span class='ocrx_word' id='word_1_77' title='bbox 561 1037 736 1091; x_wconf 84' lang='lat' dir='ltr'>quidem</span> <span class='ocrx_word' id='word_1_78' title='bbox 759 1051 889 1090; x_wconf 84' lang='lat' dir='ltr'>quam</span> <span class='ocrx_word' id='word_1_79' title='bbox 914 1037 995 1078; x_wconf 89' lang='lat' dir='ltr'>tibi</span> <span class='ocrx_word' id='word_1_80' title='bbox 1019 1037 1093 1078; x_wconf 62' lang='lat' dir='ltr'>anit</span> <span class='ocrx_word' id='word_1_81' title='bbox 1119 1037 1225 1077; x_wconf 87' lang='lat' dir='ltr'>mihi</span> <span class='ocrx_word' id='word_1_82' title='bbox 1251 1052 1258 1078; x_wconf 94' lang='lat'><strong>:</strong></span> 
     </span>
    </p>

    <p class='ocr_par' dir='ltr' id='par_1_8' title="bbox 124 1109 1511 1222">
     <span class='ocr_line' id='line_1_13' title="bbox 124 1109 1511 1163; baseline 0.001 -14"><span class='ocrx_word' id='word_1_83' title='bbox 124 1111 235 1150; x_wconf 82' lang='lat' dir='ltr'>Nam</span> <span class='ocrx_word' id='word_1_84' title='bbox 274 1110 344 1150; x_wconf 78' lang='lat' dir='ltr'>ille</span> <span class='ocrx_word' id='word_1_85' title='bbox 378 1109 567 1163; x_wconf 76' lang='lat' dir='ltr'>quidem,</span> <span class='ocrx_word' id='word_1_86' title='bbox 594 1123 724 1163; x_wconf 86' lang='lat' dir='ltr'>quem</span> <span class='ocrx_word' id='word_1_87' title='bbox 759 1116 807 1150; x_wconf 92' lang='lat' dir='ltr'>tu</span> <span class='ocrx_word' id='word_1_88' title='bbox 841 1110 941 1150; x_wconf 65' lang='lat' dir='ltr'>esse</span> <span class='ocrx_word' id='word_1_89' title='bbox 976 1109 1091 1150; x_wconf 87' lang='lat' dir='ltr'>hunc</span> <span class='ocrx_word' id='word_1_90' title='bbox 1126 1123 1356 1158; x_wconf 82' lang='lat' dir='ltr'>memoras,</span> <span class='ocrx_word' id='word_1_91' title='bbox 1382 1109 1511 1150; x_wconf 77' lang='lat' dir='ltr'>hodie</span> 
     </span>
     <span class='ocr_line' id='line_1_14' title="bbox 303 1173 739 1222; baseline 0 0"><span class='ocrx_word' id='word_1_92' title='bbox 303 1182 404 1222; x_wconf 84' lang='lat' dir='ltr'>hinc</span> <span class='ocrx_word' id='word_1_93' title='bbox 429 1182 536 1222; x_wconf 81' lang='lat' dir='ltr'>abiit</span> <span class='ocrx_word' id='word_1_94' title='bbox 562 1173 739 1222; x_wconf 62' lang='lat' dir='ltr'>Alidem</span> 
     </span>
    </p>

    <p class='ocr_par' dir='ltr' id='par_1_9' title="bbox 123 1247 799 1379">
     <span class='ocr_line' id='line_1_15' title="bbox 123 1247 558 1307; baseline -0.002 -12"><span class='ocrx_word' id='word_1_95' title='bbox 123 1247 193 1295; x_wconf 70' lang='lat' dir='ltr'>:th</span> <span class='ocrx_word' id='word_1_96' title='bbox 220 1261 387 1307; x_wconf 79' lang='lat' dir='ltr'>patrem</span> <span class='ocrx_word' id='word_1_97' title='bbox 415 1253 558 1294; x_wconf 82' lang='lat' dir='ltr'>huius.</span> 
     </span>
     <span class='ocr_line' id='line_1_16' title="bbox 303 1325 799 1379; baseline -0.002 -13"><span class='ocrx_word' id='word_1_98' title='bbox 303 1326 417 1367; x_wconf 75' lang='lat' dir='ltr'>TYN.</span> <span class='ocrx_word' id='word_1_99' title='bbox 467 1326 523 1366; x_wconf 82' lang='lat' dir='ltr'>Et</span> <span class='ocrx_word' id='word_1_100' title='bbox 550 1325 597 1365; x_wconf 69' lang='lat' dir='ltr'>t1&#39;1</span> <span class='ocrx_word' id='word_1_101' title='bbox 623 1325 799 1379; x_wconf 85' lang='lat' dir='ltr'>quidem</span> 
     </span>
    </p>

    <p class='ocr_par' dir='ltr' id='par_1_10' title="bbox 124 1396 1512 1451">
     <span class='ocr_line' id='line_1_17' title="bbox 124 1396 1512 1451; baseline 0.001 -13"><span class='ocrx_word' id='word_1_102' title='bbox 124 1399 288 1439; x_wconf 66' lang='lat' dir='ltr'>seruos</span> <span class='ocrx_word' id='word_1_103' title='bbox 312 1412 372 1445; x_wconf 80' lang='lat' dir='ltr'>cs,</span> <span class='ocrx_word' id='word_1_104' title='bbox 394 1397 504 1438; x_wconf 66' lang='lat' dir='ltr'>libor</span> <span class='ocrx_word' id='word_1_105' title='bbox 528 1397 653 1437; x_wconf 86' lang='lat' dir='ltr'>fuisti</span> <span class='ocrx_word' id='word_1_106' title='bbox 679 1413 686 1438; x_wconf 92' lang='lat'><strong>:</strong></span> <span class='ocrx_word' id='word_1_107' title='bbox 721 1404 764 1438; x_wconf 79' lang='lat' dir='ltr'>ct</span> <span class='ocrx_word' id='word_1_108' title='bbox 789 1398 872 1451; x_wconf 63' lang='lat' dir='ltr'>&lt;Ego</span> <span class='ocrx_word' id='word_1_109' title='bbox 895 1411 967 1438; x_wconf 83' lang='lat' dir='ltr'>me</span> <span class='ocrx_word' id='word_1_110' title='bbox 990 1396 1164 1438; x_wconf 76' lang='lat' dir='ltr'>confido</span> <span class='ocrx_word' id='word_1_111' title='bbox 1186 1397 1294 1446; x_wconf 85' lang='lat' dir='ltr'>fore,</span> <span class='ocrx_word' id='word_1_112' title='bbox 1450 1404 1512 1439; x_wconf 84' lang='grc'>575</span> 
     </span>
    </p>

    <p class='ocr_par' dir='ltr' id='par_1_11' title="bbox 124 1468 1296 1511">
     <span class='ocr_line' id='line_1_18' title="bbox 124 1468 1296 1511; baseline -0.001 -1"><span class='ocrx_word' id='word_1_113' title='bbox 124 1470 170 1511; x_wconf 77' lang='lat' dir='ltr'>Si</span> <span class='ocrx_word' id='word_1_114' title='bbox 195 1469 325 1510; x_wconf 76' lang='lat' dir='ltr'>hi&#39;Jius</span> <span class='ocrx_word' id='word_1_115' title='bbox 349 1470 434 1510; x_wconf 86' lang='lat' dir='ltr'>huc</span> <span class='ocrx_word' id='word_1_116' title='bbox 460 1468 770 1510; x_wconf 77' lang='lat' dir='ltr'>reconciliasso</span> <span class='ocrx_word' id='word_1_117' title='bbox 796 1469 838 1509; x_wconf 90' lang='lat' dir='ltr'>in</span> <span class='ocrx_word' id='word_1_118' title='bbox 864 1469 1115 1510; x_wconf 83' lang='lat' dir='ltr'>libertatem</span> <span class='ocrx_word' id='word_1_119' title='bbox 1139 1468 1296 1510; x_wconf 69' lang='lat' dir='ltr'>fllium.</span> 
     </span>
    </p>

    <p class='ocr_par' dir='ltr' id='par_1_12' title="bbox 123 1541 1512 1654">
     <span class='ocr_line' id='line_1_19' title="bbox 123 1541 1512 1595; baseline 0 -13"><span class='ocrx_word' id='word_1_120' title='bbox 123 1542 210 1583; x_wconf 70' lang='lat' dir='ltr'>AR.</span> <span class='ocrx_word' id='word_1_121' title='bbox 259 1542 376 1595; x_wconf 72' lang='lat' dir='ltr'>Quid</span> <span class='ocrx_word' id='word_1_122' title='bbox 410 1541 487 1590; x_wconf 80' lang='lat' dir='ltr'>ais,</span> <span class='ocrx_word' id='word_1_123' title='bbox 513 1541 727 1582; x_wconf 64' lang='lat' dir='ltr'>furcifer?</span> <span class='ocrx_word' id='word_1_124' title='bbox 763 1548 842 1582; x_wconf 90' lang='lat' dir='ltr'>tun</span> <span class='ocrx_word' id='word_1_125' title='bbox 877 1547 922 1582; x_wconf 84' lang='lat' dir='ltr'>te</span> <span class='ocrx_word' id='word_1_126' title='bbox 954 1547 1138 1595; x_wconf 82' lang='lat' dir='ltr'>gnatum</span> <span class='ocrx_word' id='word_1_127' title='bbox 1172 1542 1272 1582; x_wconf 76' lang='lat' dir='ltr'>esse</span> <span class='ocrx_word' id='word_1_128' title='bbox 1295 1554 1512 1582; x_wconf 88' lang='lat' dir='ltr'>memoras</span> 
     </span>
     <span class='ocr_line' id='line_1_20' title="bbox 304 1613 524 1654; baseline -0.005 -1"><span class='ocrx_word' id='word_1_129' title='bbox 304 1614 490 1654; x_wconf 85' lang='lat' dir='ltr'>liberum</span> <span class='ocrx_word' id='word_1_130' title='bbox 509 1613 524 1652; x_wconf 90' lang='lat'>?</span> 
     </span>
    </p>

    <p class='ocr_par' dir='ltr' id='par_1_13' title="bbox 122 1684 1512 1810">
     <span class='ocr_line' id='line_1_21' title="bbox 122 1684 1512 1738; baseline 0 -12"><span class='ocrx_word' id='word_1_131' title='bbox 122 1687 235 1726; x_wconf 73' lang='lat' dir='ltr'>TYN.</span> <span class='ocrx_word' id='word_1_132' title='bbox 285 1685 385 1725; x_wconf 76' lang='lat' dir='ltr'>Non</span> <span class='ocrx_word' id='word_1_133' title='bbox 411 1685 616 1738; x_wconf 80' lang='lat' dir='ltr'>equidem</span> <span class='ocrx_word' id='word_1_134' title='bbox 641 1698 711 1725; x_wconf 83' lang='lat' dir='ltr'>me</span> <span class='ocrx_word' id='word_1_135' title='bbox 738 1685 961 1734; x_wconf 74' lang='lat' dir='ltr'>Liberum,</span> <span class='ocrx_word' id='word_1_136' title='bbox 989 1685 1067 1726; x_wconf 83' lang='lat' dir='ltr'>sed</span> <span class='ocrx_word' id='word_1_137' title='bbox 1098 1684 1390 1726; x_wconf 72' lang='lat' dir='ltr'><strong>Philocratem</strong></span> <span class='ocrx_word' id='word_1_138' title='bbox 1413 1697 1512 1726; x_wconf 89' lang='lat' dir='ltr'>esse</span> 
     </span>
     <span class='ocr_line' id='line_1_22' title="bbox 303 1756 833 1810; baseline -0.002 -12"><span class='ocrx_word' id='word_1_139' title='bbox 303 1757 383 1798; x_wconf 80' lang='lat' dir='ltr'>aio&#39;.</span> <span class='ocrx_word' id='word_1_140' title='bbox 452 1757 538 1797; x_wconf 75' lang='lat' dir='ltr'>AR.</span> <span class='ocrx_word' id='word_1_141' title='bbox 589 1756 708 1810; x_wconf 77' lang='lat' dir='ltr'>Quid</span> <span class='ocrx_word' id='word_1_142' title='bbox 733 1757 833 1797; x_wconf 81' lang='lat' dir='ltr'>cst?</span> 
     </span>
    </p>

    <p class='ocr_par' dir='ltr' id='par_1_14' title="bbox 124 1818 1248 1882">
     <span class='ocr_line' id='line_1_23' title="bbox 124 1818 1248 1882; baseline 0 -12"><span class='ocrx_word' id='word_1_143' title='bbox 124 1818 182 1870; x_wconf 60' lang='lat' dir='ltr'>Vt</span> <span class='ocrx_word' id='word_1_144' title='bbox 208 1829 436 1877; x_wconf 84' lang='lat' dir='ltr'>scelestus,</span> <span class='ocrx_word' id='word_1_145' title='bbox 467 1828 628 1882; x_wconf 70' lang='lat' dir='ltr'>Hegio,</span> <span class='ocrx_word' id='word_1_146' title='bbox 655 1842 772 1870; x_wconf 90' lang='lat' dir='ltr'>nunc</span> <span class='ocrx_word' id='word_1_147' title='bbox 799 1829 882 1869; x_wconf 80' lang='lat' dir='ltr'>iste</span> <span class='ocrx_word' id='word_1_148' title='bbox 908 1835 953 1869; x_wconf 87' lang='lat' dir='ltr'>te</span> <span class='ocrx_word' id='word_1_149' title='bbox 979 1827 1104 1869; x_wconf 77' lang='lat' dir='ltr'>lud6s</span> <span class='ocrx_word' id='word_1_150' title='bbox 1126 1828 1248 1870; x_wconf 84' lang='lat' dir='ltr'>facit.</span> 
     </span>
    </p>
   </div>
   <div class='ocr_carea' id='block_1_3' title="bbox 625 1253 1512 1307">
    <p class='ocr_par' dir='ltr' id='par_1_15' title="bbox 625 1253 1512 1307">
     <span class='ocr_line' id='line_1_24' title="bbox 625 1253 1512 1307; baseline 0.001 -14"><span class='ocrx_word' id='word_1_151' title='bbox 625 1253 713 1295; x_wconf 67' lang='lat' dir='ltr'>AR.</span> <span class='ocrx_word' id='word_1_152' title='bbox 762 1254 904 1307; x_wconf 71' lang='lat' dir='ltr'>Quem</span> <span class='ocrx_word' id='word_1_153' title='bbox 931 1259 1115 1307; x_wconf 79' lang='lat' dir='ltr'>patrem,</span> <span class='ocrx_word' id='word_1_154' title='bbox 1136 1253 1210 1307; x_wconf 90' lang='lat' dir='ltr'>qui</span> <span class='ocrx_word' id='word_1_155' title='bbox 1234 1255 1387 1295; x_wconf 76' lang='lat' dir='ltr'>seruos</span> <span class='ocrx_word' id='word_1_156' title='bbox 1411 1253 1512 1294; x_wconf 89' lang='lat' dir='ltr'>est?</span> 
     </span>
    </p>
   </div>
   <div class='ocr_carea' id='block_1_4' title="bbox 121 1923 784 2583">
    <p class='ocr_par' dir='ltr' id='par_1_16' title="bbox 121 1923 784 2539">
     <span class='ocr_line' id='line_1_25' title="bbox 169 1923 783 1964; baseline -0.003 -10"><span class='ocrx_word' id='word_1_157' title='bbox 169 1923 239 1964; x_wconf 76' lang='lat'>568.</span> <span class='ocrx_word' id='word_1_158' title='bbox 266 1929 306 1954; x_wconf 88' lang='lat' dir='ltr'>tu</span> <span class='ocrx_word' id='word_1_159' title='bbox 336 1923 437 1953; x_wconf 90' lang='lat' dir='ltr'>enim</span> <span class='ocrx_word' id='word_1_160' title='bbox 467 1924 668 1962; x_wconf 86' lang='lat' dir='ltr'>repertu&#39;s,</span> <span class='ocrx_word' id='word_1_161' title='bbox 695 1928 783 1953; x_wconf 85' lang='lat' dir='ltr'>etc.:</span> 
     </span>
     <span class='ocr_line' id='line_1_26' title="bbox 122 1967 781 2008; baseline -0.003 -10"><span class='ocrx_word' id='word_1_162' title='bbox 122 1979 160 1998; x_wconf 80' lang='lat' dir='ltr'>so</span> <span class='ocrx_word' id='word_1_163' title='bbox 180 1969 234 1998; x_wconf 92' lang='lat' dir='ltr'>l’s.</span> <span class='ocrx_word' id='word_1_164' title='bbox 249 1967 324 2008; x_wconf 79' lang='lat'>631,</span> <span class='ocrx_word' id='word_1_165' title='bbox 339 1972 376 1997; x_wconf 82' lang='lat' dir='ltr'>lu</span> <span class='ocrx_word' id='word_1_166' title='bbox 389 1967 561 1997; x_wconf 81' lang='lat' dir='ltr'><em>inucnlu’s</em></span> <span class='ocrx_word' id='word_1_167' title='bbox 572 1978 660 2003; x_wconf 69' lang='lat' dir='ltr'>uero,</span> <span class='ocrx_word' id='word_1_168' title='bbox 674 1977 781 1997; x_wconf 76' lang='lat' dir='ltr'>meam</span> 
     </span>
     <span class='ocr_line' id='line_1_27' title="bbox 121 2010 783 2053; baseline 0 -12"><span class='ocrx_word' id='word_1_169' title='bbox 121 2013 182 2052; x_wconf 70' lang='lat' dir='ltr'>qui</span> <span class='ocrx_word' id='word_1_170' title='bbox 206 2012 370 2053; x_wconf 79' lang='lat' dir='ltr'>surcillcs</span> <span class='ocrx_word' id='word_1_171' title='bbox 399 2011 529 2051; x_wconf 71' lang='lat' dir='ltr'>(shake)</span> <span class='ocrx_word' id='word_1_172' title='bbox 544 2010 651 2051; x_wconf 61' lang='lat' dir='ltr'>fidem</span> <span class='ocrx_word' id='word_1_173' title='bbox 667 2021 679 2047; x_wconf 76' lang='lat'>,⁴</span> <span class='ocrx_word' id='word_1_174' title='bbox 713 2011 783 2042; x_wconf 83' lang='lat' dir='ltr'>Cic.</span> 
     </span>
     <span class='ocr_line' id='line_1_28' title="bbox 124 2054 784 2095; baseline -0.002 -9"><span class='ocrx_word' id='word_1_175' title='bbox 124 2057 214 2086; x_wconf 80' lang='lat' dir='ltr'>l&#39;lu&#39;l.</span> <span class='ocrx_word' id='word_1_176' title='bbox 236 2056 281 2086; x_wconf 89' lang='lat'>11.</span> <span class='ocrx_word' id='word_1_177' title='bbox 298 2064 348 2086; x_wconf 84' lang='lat'>22.</span> <span class='ocrx_word' id='word_1_178' title='bbox 397 2056 426 2085; x_wconf 75' lang='lat' dir='ltr'>A</span> <span class='ocrx_word' id='word_1_179' title='bbox 442 2054 634 2095; x_wconf 78' lang='lat' dir='ltr'>proverbial</span> <span class='ocrx_word' id='word_1_180' title='bbox 653 2065 784 2095; x_wconf 77' lang='lat' dir='ltr'>expres-</span> 
     </span>
     <span class='ocr_line' id='line_1_29' title="bbox 122 2099 783 2140; baseline -0.002 -10"><span class='ocrx_word' id='word_1_181' title='bbox 122 2101 198 2130; x_wconf 72' lang='lat' dir='ltr'>sion</span> <span class='ocrx_word' id='word_1_182' title='bbox 234 2099 317 2130; x_wconf 72' lang='lat' dir='ltr'>used</span> <span class='ocrx_word' id='word_1_183' title='bbox 344 2099 532 2140; x_wconf 75' lang='lat' dir='ltr'>ironically,</span> <span class='ocrx_word' id='word_1_184' title='bbox 558 2099 683 2129; x_wconf 77' lang='lat' dir='ltr'>almost</span> <span class='ocrx_word' id='word_1_185' title='bbox 716 2099 783 2129; x_wconf 76' lang='lat' dir='ltr'>like</span> 
     </span>
     <span class='ocr_line' id='line_1_30' title="bbox 122 2143 779 2184; baseline -0.002 -10"><span class='ocrx_word' id='word_1_186' title='bbox 122 2155 142 2174; x_wconf 91' lang='lat' dir='ltr'>a</span> <span class='ocrx_word' id='word_1_187' title='bbox 167 2144 346 2184; x_wconf 74' lang='lat' dir='ltr'>questi0n;</span> <span class='ocrx_word' id='word_1_188' title='bbox 385 2155 420 2175; x_wconf 85' lang='lat' dir='ltr'>so</span> <span class='ocrx_word' id='word_1_189' title='bbox 445 2154 515 2184; x_wconf 86' lang='lat' dir='ltr'>you</span> <span class='ocrx_word' id='word_1_190' title='bbox 529 2143 577 2175; x_wconf 76' lang='lat' dir='ltr'>&#39;ve</span> <span class='ocrx_word' id='word_1_191' title='bbox 609 2145 779 2183; x_wconf 72' lang='lat' dir='ltr'>appeared</span> 
     </span>
     <span class='ocr_line' id='line_1_31' title="bbox 124 2189 783 2228; baseline -0.002 -10"><span class='ocrx_word' id='word_1_192' title='bbox 124 2189 265 2225; x_wconf 63' lang='lat' dir='ltr'>(turm-«l</span> <span class='ocrx_word' id='word_1_193' title='bbox 285 2191 357 2228; x_wconf 78' lang='lat' dir='ltr'>up),</span> <span class='ocrx_word' id='word_1_194' title='bbox 374 2193 406 2218; x_wconf 85' lang='lat' dir='ltr'>to</span> <span class='ocrx_word' id='word_1_195' title='bbox 418 2193 525 2228; x_wconf 77' lang='lat' dir='ltr'>prwc</span> <span class='ocrx_word' id='word_1_196' title='bbox 549 2198 601 2218; x_wconf 78' lang='lat' dir='ltr'>me</span> <span class='ocrx_word' id='word_1_197' title='bbox 615 2199 635 2217; x_wconf 87' lang='lat' dir='ltr'><em>a</em></span> <span class='ocrx_word' id='word_1_198' title='bbox 653 2189 729 2218; x_wconf 82' lang='lat' dir='ltr'>liar.</span> <span class='ocrx_word' id='word_1_199' title='bbox 741 2206 783 2209; x_wconf 97' lang='lat'><strong>—</strong></span> 
     </span>
     <span class='ocr_line' id='line_1_32' title="bbox 123 2231 784 2273; baseline -0.003 -10"><span class='ocrx_word' id='word_1_200' title='bbox 123 2233 224 2263; x_wconf 90' lang='lat' dir='ltr'>enim</span> <span class='ocrx_word' id='word_1_201' title='bbox 241 2244 247 2262; x_wconf 81' lang='lat' dir='ltr'>z</span> <span class='ocrx_word' id='word_1_202' title='bbox 273 2232 364 2270; x_wconf 86' lang='lat' dir='ltr'>here,</span> <span class='ocrx_word' id='word_1_203' title='bbox 385 2242 424 2264; x_wconf 88' lang='lat' dir='ltr'>as</span> <span class='ocrx_word' id='word_1_204' title='bbox 441 2231 611 2273; x_wconf 84' lang='lat' dir='ltr'>regularly</span> <span class='ocrx_word' id='word_1_205' title='bbox 627 2231 661 2262; x_wconf 84' lang='lat' dir='ltr'>in</span> <span class='ocrx_word' id='word_1_206' title='bbox 688 2232 745 2267; x_wconf 85' lang='lat' dir='ltr'>l&#39;l.,</span> <span class='ocrx_word' id='word_1_207' title='bbox 763 2242 784 2261; x_wconf 89' lang='lat' dir='ltr'>a</span> 
     </span>
     <span class='ocr_line' id='line_1_33' title="bbox 123 2275 782 2317; baseline -0.003 -10"><span class='ocrx_word' id='word_1_208' title='bbox 123 2277 262 2317; x_wconf 61' lang='lat' dir='ltr'>particle</span> <span class='ocrx_word' id='word_1_209' title='bbox 283 2276 320 2306; x_wconf 76' lang='lat' dir='ltr'>of</span> <span class='ocrx_word' id='word_1_210' title='bbox 345 2275 548 2307; x_wconf 84' lang='lat' dir='ltr'>affirmation</span> <span class='ocrx_word' id='word_1_211' title='bbox 576 2276 646 2316; x_wconf 81' lang='lat' dir='ltr'>(see</span> <span class='ocrx_word' id='word_1_212' title='bbox 675 2276 782 2316; x_wconf 83' lang='lat' dir='ltr'>llarp.</span> 
     </span>
     <span class='ocr_line' id='line_1_34' title="bbox 126 2319 782 2360; baseline -0.002 -9"><span class='ocrx_word' id='word_1_213' title='bbox 126 2322 220 2359; x_wconf 84' lang='lat' dir='ltr'>Lex.)</span> <span class='ocrx_word' id='word_1_214' title='bbox 239 2321 306 2351; x_wconf 87' lang='lat' dir='ltr'>and</span> <span class='ocrx_word' id='word_1_215' title='bbox 331 2321 418 2352; x_wconf 86' lang='lat' dir='ltr'>does</span> <span class='ocrx_word' id='word_1_216' title='bbox 442 2326 503 2351; x_wconf 89' lang='lat' dir='ltr'>not</span> <span class='ocrx_word' id='word_1_217' title='bbox 527 2330 627 2352; x_wconf 87' lang='lat' dir='ltr'>mean</span> <span class='ocrx_word' id='word_1_218' title='bbox 642 2320 706 2360; x_wconf 87' lang='lat' dir='ltr'>sor</span> <span class='ocrx_word' id='word_1_219' title='bbox 722 2319 782 2350; x_wconf 86' lang='lat' dir='ltr'>but</span> 
     </span>
     <span class='ocr_line' id='line_1_35' title="bbox 122 2364 783 2406; baseline 0 -12"><span class='ocrx_word' id='word_1_220' title='bbox 122 2366 244 2406; x_wconf 77' lang='lat' dir='ltr'>mrcly,</span> <span class='ocrx_word' id='word_1_221' title='bbox 269 2365 396 2395; x_wconf 76' lang='lat' dir='ltr'>indeed.</span> <span class='ocrx_word' id='word_1_222' title='bbox 446 2364 531 2395; x_wconf 76' lang='lat' dir='ltr'>This</span> <span class='ocrx_word' id='word_1_223' title='bbox 564 2374 625 2395; x_wconf 80' lang='lat' dir='ltr'>use</span> <span class='ocrx_word' id='word_1_224' title='bbox 649 2364 678 2395; x_wconf 85' lang='lat' dir='ltr'>is</span> <span class='ocrx_word' id='word_1_225' title='bbox 706 2374 783 2395; x_wconf 86' lang='lat' dir='ltr'>con-</span> 
     </span>
     <span class='ocr_line' id='line_1_36' title="bbox 123 2408 782 2443; baseline -0.002 -4"><span class='ocrx_word' id='word_1_226' title='bbox 123 2408 239 2440; x_wconf 82' lang='lat' dir='ltr'>tinued</span> <span class='ocrx_word' id='word_1_227' title='bbox 254 2409 285 2439; x_wconf 89' lang='lat' dir='ltr'>in</span> <span class='ocrx_word' id='word_1_228' title='bbox 299 2409 357 2440; x_wconf 80' lang='lat' dir='ltr'>the</span> <span class='ocrx_word' id='word_1_229' title='bbox 369 2408 624 2440; x_wconf 84' lang='lat' dir='ltr'>combinations</span> <span class='ocrx_word' id='word_1_230' title='bbox 634 2412 671 2438; x_wconf 85' lang='lat' dir='ltr'>at</span> <span class='ocrx_word' id='word_1_231' title='bbox 681 2409 782 2443; x_wconf 81' lang='lat' dir='ltr'>enim,</span> 
     </span>
     <span class='ocr_line' id='line_1_37' title="bbox 123 2451 784 2489; baseline -0.002 -6"><span class='ocrx_word' id='word_1_232' title='bbox 123 2465 188 2483; x_wconf 83' lang='lat' dir='ltr'>non</span> <span class='ocrx_word' id='word_1_233' title='bbox 205 2455 306 2488; x_wconf 75' lang='lat' dir='ltr'>cuim.</span> <span class='ocrx_word' id='word_1_234' title='bbox 324 2460 399 2489; x_wconf 66' lang='lat' dir='ltr'>etc„</span> <span class='ocrx_word' id='word_1_235' title='bbox 415 2453 521 2484; x_wconf 84' lang='lat' dir='ltr'><strong>which</strong></span> <span class='ocrx_word' id='word_1_236' title='bbox 537 2451 662 2484; x_wconf 85' lang='lat' dir='ltr'>should</span> <span class='ocrx_word' id='word_1_237' title='bbox 681 2462 784 2483; x_wconf 87' lang='lat' dir='ltr'>never</span> 
     </span>
     <span class='ocr_line' id='line_1_38' title="bbox 123 2497 642 2539; baseline -0.002 -11"><span class='ocrx_word' id='word_1_238' title='bbox 123 2497 164 2528; x_wconf 87' lang='lat' dir='ltr'>be</span> <span class='ocrx_word' id='word_1_239' title='bbox 181 2497 364 2537; x_wconf 81' lang='lat' dir='ltr'>explained</span> <span class='ocrx_word' id='word_1_240' title='bbox 382 2497 425 2539; x_wconf 87' lang='lat' dir='ltr'>by</span> <span class='ocrx_word' id='word_1_241' title='bbox 442 2508 485 2528; x_wconf 81' lang='lat' dir='ltr'>an</span> <span class='ocrx_word' id='word_1_242' title='bbox 503 2497 642 2537; x_wconf 80' lang='lat' dir='ltr'>ellipsis.</span> 
     </span>
    </p>

    <p class='ocr_par' dir='ltr' id='par_1_17' title="bbox 169 2540 782 2583">
     <span class='ocr_line' id='line_1_39' title="bbox 169 2540 782 2583; baseline -0.003 -11"><span class='ocrx_word' id='word_1_243' title='bbox 169 2542 240 2583; x_wconf 82' lang='lat'>569.</span> <span class='ocrx_word' id='word_1_244' title='bbox 266 2547 307 2573; x_wconf 88' lang='lat' dir='ltr'>ut</span> <span class='ocrx_word' id='word_1_245' title='bbox 325 2565 334 2572; x_wconf 88' lang='lat'>.</span> <span class='ocrx_word' id='word_1_246' title='bbox 348 2565 355 2572; x_wconf 93' lang='lat'>.</span> <span class='ocrx_word' id='word_1_247' title='bbox 371 2565 379 2572; x_wconf 94' lang='lat'>.</span> <span class='ocrx_word' id='word_1_248' title='bbox 394 2542 507 2574; x_wconf 88' lang='lat' dir='ltr'>uideo</span> <span class='ocrx_word' id='word_1_249' title='bbox 522 2553 529 2572; x_wconf 91' lang='lat'>:</span> <span class='ocrx_word' id='word_1_250' title='bbox 550 2540 683 2572; x_wconf 89' lang='lat' dir='ltr'>Introd.</span> <span class='ocrx_word' id='word_1_251' title='bbox 698 2549 740 2582; x_wconf 87' lang='lat'>33</span> <span class='ocrx_word' id='word_1_252' title='bbox 752 2552 782 2571; x_wconf 88' lang='lat' dir='ltr'>a.</span> 
     </span>
    </p>
   </div>
   <div class='ocr_carea' id='block_1_5' title="bbox 851 1921 1515 2538">
    <p class='ocr_par' dir='ltr' id='par_1_18' title="bbox 852 1921 1512 2008">
     <span class='ocr_line' id='line_1_40' title="bbox 900 1921 1512 1964; baseline 0.003 -12"><span class='ocrx_word' id='word_1_253' title='bbox 900 1930 971 1964; x_wconf 83' lang='lat'>573.</span> <span class='ocrx_word' id='word_1_254' title='bbox 998 1922 1177 1953; x_wconf 84' lang='lat' dir='ltr'>Alidem:</span> <span class='ocrx_word' id='word_1_255' title='bbox 1216 1921 1400 1954; x_wconf 85' lang='lat' dir='ltr'>elsewhere</span> <span class='ocrx_word' id='word_1_256' title='bbox 1430 1921 1512 1954; x_wconf 89' lang='lat' dir='ltr'>with</span> 
     </span>
     <span class='ocr_line' id='line_1_41' title="bbox 852 1965 1358 2008; baseline 0.002 -11"><span class='ocrx_word' id='word_1_257' title='bbox 852 1977 987 2008; x_wconf 88' lang='lat' dir='ltr'>prepos.</span> <span class='ocrx_word' id='word_1_258' title='bbox 1036 1967 1101 1998; x_wconf 87' lang='lat' dir='ltr'>See</span> <span class='ocrx_word' id='word_1_259' title='bbox 1120 1965 1251 1997; x_wconf 84' lang='lat' dir='ltr'>Introd.</span> <span class='ocrx_word' id='word_1_260' title='bbox 1272 1966 1312 1997; x_wconf 84' lang='lat'>18</span> <span class='ocrx_word' id='word_1_261' title='bbox 1327 1967 1358 1998; x_wconf 87' lang='lat' dir='ltr'>d.</span> 
     </span>
    </p>

    <p class='ocr_par' dir='ltr' id='par_1_19' title="bbox 851 2011 1515 2224">
     <span class='ocr_line' id='line_1_42' title="bbox 900 2011 1515 2053; baseline 0.002 -12"><span class='ocrx_word' id='word_1_262' title='bbox 900 2020 971 2053; x_wconf 76' lang='lat'>574.</span> <span class='ocrx_word' id='word_1_263' title='bbox 996 2020 1110 2051; x_wconf 90' lang='lat' dir='ltr'>quem</span> <span class='ocrx_word' id='word_1_264' title='bbox 1133 2011 1310 2052; x_wconf 85' lang='lat' dir='ltr'>patrem?</span> <span class='ocrx_word' id='word_1_265' title='bbox 1336 2015 1398 2042; x_wconf 91' lang='lat' dir='ltr'>not</span> <span class='ocrx_word' id='word_1_266' title='bbox 1421 2011 1515 2043; x_wconf 80' lang='lat' dir='ltr'><em>what</em></span> 
     </span>
     <span class='ocr_line' id='line_1_43' title="bbox 852 2054 1514 2097; baseline 0 -11"><span class='ocrx_word' id='word_1_267' title='bbox 852 2056 976 2097; x_wconf 72' lang='lat' dir='ltr'>father</span> <span class='ocrx_word' id='word_1_268' title='bbox 987 2056 1003 2086; x_wconf 84' lang='lat'><em>?</em></span> <span class='ocrx_word' id='word_1_269' title='bbox 1026 2054 1088 2086; x_wconf 89' lang='lat' dir='ltr'>but</span> <span class='ocrx_word' id='word_1_270' title='bbox 1110 2056 1204 2086; x_wconf 72' lang='lat' dir='ltr'>what</span> <span class='ocrx_word' id='word_1_271' title='bbox 1217 2056 1259 2087; x_wconf 83' lang='lat' dir='ltr'>do</span> <span class='ocrx_word' id='word_1_272' title='bbox 1272 2065 1342 2095; x_wconf 84' lang='lat' dir='ltr'>you</span> <span class='ocrx_word' id='word_1_273' title='bbox 1358 2066 1458 2087; x_wconf 81' lang='lat' dir='ltr'>mean</span> <span class='ocrx_word' id='word_1_274' title='bbox 1473 2055 1514 2096; x_wconf 87' lang='lat' dir='ltr'>by</span> 
     </span>
     <span class='ocr_line' id='line_1_44' title="bbox 851 2098 1514 2140; baseline 0.002 -11"><span class='ocrx_word' id='word_1_275' title='bbox 851 2101 975 2140; x_wconf 70' lang='lat' dir='ltr'>sayiug</span> <span class='ocrx_word' id='word_1_276' title='bbox 1003 2100 1179 2140; x_wconf 87' lang='lat' dir='ltr'>patrem?</span> <span class='ocrx_word' id='word_1_277' title='bbox 1227 2099 1283 2130; x_wconf 90' lang='lat' dir='ltr'>He</span> <span class='ocrx_word' id='word_1_278' title='bbox 1315 2098 1345 2131; x_wconf 88' lang='lat' dir='ltr'>is</span> <span class='ocrx_word' id='word_1_279' title='bbox 1375 2109 1396 2130; x_wconf 86' lang='lat' dir='ltr'>a</span> <span class='ocrx_word' id='word_1_280' title='bbox 1418 2099 1514 2131; x_wconf 85' lang='lat' dir='ltr'>slave</span> 
     </span>
     <span class='ocr_line' id='line_1_45' title="bbox 852 2142 1513 2184; baseline 0.002 -10"><span class='ocrx_word' id='word_1_281' title='bbox 852 2144 919 2174; x_wconf 88' lang='lat' dir='ltr'>and</span> <span class='ocrx_word' id='word_1_282' title='bbox 938 2143 1002 2174; x_wconf 82' lang='lat' dir='ltr'>has</span> <span class='ocrx_word' id='word_1_283' title='bbox 1015 2153 1061 2174; x_wconf 89' lang='lat' dir='ltr'>no</span> <span class='ocrx_word' id='word_1_284' title='bbox 1080 2143 1196 2184; x_wconf 85' lang='lat' dir='ltr'>(legal)</span> <span class='ocrx_word' id='word_1_285' title='bbox 1214 2142 1339 2175; x_wconf 80' lang='lat' dir='ltr'>father.</span> <span class='ocrx_word' id='word_1_286' title='bbox 1386 2143 1441 2175; x_wconf 82' lang='lat' dir='ltr'>Cf.</span> <span class='ocrx_word' id='word_1_287' title='bbox 1459 2142 1513 2175; x_wconf 89' lang='lat' dir='ltr'>be-</span> 
     </span>
     <span class='ocr_line' id='line_1_46' title="bbox 852 2186 1042 2224; baseline -0.011 -6"><span class='ocrx_word' id='word_1_288' title='bbox 852 2188 928 2224; x_wconf 85' lang='lat' dir='ltr'>low,</span> <span class='ocrx_word' id='word_1_289' title='bbox 950 2186 1042 2219; x_wconf 88' lang='lat'>1006.</span> 
     </span>
    </p>

    <p class='ocr_par' dir='ltr' id='par_1_20' title="bbox 853 2231 1514 2483">
     <span class='ocr_line' id='line_1_47' title="bbox 899 2231 1513 2273; baseline 0 -10"><span class='ocrx_word' id='word_1_290' title='bbox 899 2231 970 2273; x_wconf 84' lang='lat'>578.</span> <span class='ocrx_word' id='word_1_291' title='bbox 998 2231 1203 2263; x_wconf 90' lang='lat' dir='ltr'>Liberum:</span> <span class='ocrx_word' id='word_1_292' title='bbox 1235 2241 1279 2263; x_wconf 88' lang='lat' dir='ltr'>an</span> <span class='ocrx_word' id='word_1_293' title='bbox 1306 2231 1513 2264; x_wconf 85' lang='lat' dir='ltr'>intentional</span> 
     </span>
     <span class='ocr_line' id='line_1_48' title="bbox 853 2275 1514 2315; baseline 0 -9"><span class='ocrx_word' id='word_1_294' title='bbox 853 2276 1040 2315; x_wconf 84' lang='lat' dir='ltr'>mistaking</span> <span class='ocrx_word' id='word_1_295' title='bbox 1071 2275 1109 2306; x_wconf 82' lang='lat' dir='ltr'>of</span> <span class='ocrx_word' id='word_1_296' title='bbox 1139 2275 1314 2314; x_wconf 86' lang='lat' dir='ltr'>liberum,</span> <span class='ocrx_word' id='word_1_297' title='bbox 1339 2285 1378 2307; x_wconf 82' lang='lat' dir='ltr'>as</span> <span class='ocrx_word' id='word_1_298' title='bbox 1400 2286 1514 2307; x_wconf 81' lang='lat' dir='ltr'>seruos</span> 
     </span>
     <span class='ocr_line' id='line_1_49' title="bbox 854 2318 1513 2362; baseline 0.002 -12"><span class='ocrx_word' id='word_1_299' title='bbox 854 2320 932 2361; x_wconf 87' lang='lat'><strong>(574</strong></span> <span class='ocrx_word' id='word_1_300' title='bbox 956 2319 995 2360; x_wconf 84' lang='lat' dir='ltr'>f.)</span> <span class='ocrx_word' id='word_1_301' title='bbox 1021 2320 1050 2350; x_wconf 85' lang='lat' dir='ltr'>is</span> <span class='ocrx_word' id='word_1_302' title='bbox 1075 2319 1316 2362; x_wconf 87' lang='lat' dir='ltr'>intentionally</span> <span class='ocrx_word' id='word_1_303' title='bbox 1343 2318 1513 2351; x_wconf 81' lang='lat' dir='ltr'>confused</span> 
     </span>
     <span class='ocr_line' id='line_1_50' title="bbox 853 2363 1512 2404; baseline 0.002 -10"><span class='ocrx_word' id='word_1_304' title='bbox 853 2364 931 2395; x_wconf 85' lang='lat' dir='ltr'>with</span> <span class='ocrx_word' id='word_1_305' title='bbox 949 2364 1197 2404; x_wconf 80' lang='lat' dir='ltr'>captiuos.1n</span> <span class='ocrx_word' id='word_1_306' title='bbox 1221 2363 1290 2396; x_wconf 88' lang='lat' dir='ltr'>this</span> <span class='ocrx_word' id='word_1_307' title='bbox 1314 2374 1364 2396; x_wconf 85' lang='lat' dir='ltr'>vs.</span> <span class='ocrx_word' id='word_1_308' title='bbox 1388 2363 1512 2395; x_wconf 86' lang='lat' dir='ltr'>andin</span> 
     </span>
     <span class='ocr_line' id='line_1_51' title="bbox 857 2407 1511 2450; baseline 0.002 -12"><span class='ocrx_word' id='word_1_309' title='bbox 857 2407 917 2450; x_wconf 82' lang='lat'>576</span> <span class='ocrx_word' id='word_1_310' title='bbox 931 2407 1040 2450; x_wconf 88' lang='lat' dir='ltr'>Tynd.</span> <span class='ocrx_word' id='word_1_311' title='bbox 1054 2408 1082 2439; x_wconf 85' lang='lat' dir='ltr'>is</span> <span class='ocrx_word' id='word_1_312' title='bbox 1096 2408 1207 2450; x_wconf 86' lang='lat' dir='ltr'>trying</span> <span class='ocrx_word' id='word_1_313' title='bbox 1218 2413 1255 2439; x_wconf 85' lang='lat' dir='ltr'>to</span> <span class='ocrx_word' id='word_1_314' title='bbox 1268 2407 1343 2439; x_wconf 85' lang='lat' dir='ltr'>hint</span> <span class='ocrx_word' id='word_1_315' title='bbox 1356 2412 1393 2439; x_wconf 91' lang='lat' dir='ltr'>to</span> <span class='ocrx_word' id='word_1_316' title='bbox 1404 2407 1511 2440; x_wconf 84' lang='lat' dir='ltr'>Arist.</span> 
     </span>
     <span class='ocr_line' id='line_1_52' title="bbox 853 2451 1300 2483; baseline 0 0"><span class='ocrx_word' id='word_1_317' title='bbox 853 2452 911 2483; x_wconf 88' lang='lat' dir='ltr'>the</span> <span class='ocrx_word' id='word_1_318' title='bbox 929 2452 996 2483; x_wconf 83' lang='lat' dir='ltr'>real</span> <span class='ocrx_word' id='word_1_319' title='bbox 1014 2458 1102 2483; x_wconf 80' lang='lat' dir='ltr'>state</span> <span class='ocrx_word' id='word_1_320' title='bbox 1120 2452 1158 2483; x_wconf 81' lang='lat' dir='ltr'>of</span> <span class='ocrx_word' id='word_1_321' title='bbox 1173 2451 1300 2483; x_wconf 80' lang='lat' dir='ltr'>affairs.</span> 
     </span>
    </p>

    <p class='ocr_par' dir='ltr' id='par_1_21' title="bbox 899 2496 1514 2538">
     <span class='ocr_line' id='line_1_53' title="bbox 899 2496 1514 2538; baseline 0.002 -11"><span class='ocrx_word' id='word_1_322' title='bbox 899 2504 971 2537; x_wconf 88' lang='lat'>579</span> <span class='ocrx_word' id='word_1_323' title='bbox 996 2501 1033 2527; x_wconf 89' lang='lat' dir='ltr'>te</span> <span class='ocrx_word' id='word_1_324' title='bbox 1058 2496 1170 2528; x_wconf 88' lang='lat' dir='ltr'>ludos</span> <span class='ocrx_word' id='word_1_325' title='bbox 1195 2496 1299 2535; x_wconf 82' lang='lat' dir='ltr'>facit,</span> <span class='ocrx_word' id='word_1_326' title='bbox 1321 2497 1351 2527; x_wconf 87' lang='lat' dir='ltr'>is</span> <span class='ocrx_word' id='word_1_327' title='bbox 1373 2496 1514 2538; x_wconf 82' lang='lat' dir='ltr'><em>making</em></span> 
     </span>
    </p>
   </div>
   <div class='ocr_carea' id='block_1_6' title="bbox 846 2540 1512 2582">
    <p class='ocr_par' dir='ltr' id='par_1_22' title="bbox 846 2540 1512 2582">
     <span class='ocr_line' id='line_1_54' title="bbox 846 2540 1512 2582; baseline 0.002 -11"><span class='ocrx_word' id='word_1_328' title='bbox 846 2551 946 2580; x_wconf 73' lang='lat' dir='ltr'>game</span> <span class='ocrx_word' id='word_1_329' title='bbox 969 2541 1010 2582; x_wconf 71' lang='lat' dir='ltr'>‘ff</span> <span class='ocrx_word' id='word_1_330' title='bbox 1026 2551 1107 2581; x_wconf 86' lang='lat' dir='ltr'>you,</span> <span class='ocrx_word' id='word_1_331' title='bbox 1131 2541 1274 2582; x_wconf 84' lang='lat' dir='ltr'><em>makmg</em></span> <span class='ocrx_word' id='word_1_332' title='bbox 1293 2551 1364 2582; x_wconf 85' lang='lat' dir='ltr'>you</span> <span class='ocrx_word' id='word_1_333' title='bbox 1387 2540 1512 2577; x_wconf 76' lang='lat' dir='ltr'>ridicu·</span> 
     </span>
    </p>
   </div>
  </div>
 </body>
</html>
