1705 2719
79 191 128 216 ιν.
147 193 176 215 2.
195 183 264 226 93.]
625 184 930 215 TRINVMMVS
1410 183 1470 216 163

77 296 160 338 CH.
209 296 278 337 Ne
301 295 415 337 male
446 295 626 349 loquere
662 295 838 348 apsenti
866 295 1021 337 amico.
1090 295 1163 337 ΞΥ.
1213 295 1332 349 Quid
1365 309 1470 349 ergo

259 367 332 408 ille
356 367 688 421 ignauissumus

77 440 188 482 Mihi
222 438 451 481 latitabat?
529 439 612 480 CH.
661 439 709 480 Si
743 438 1028 493 appellasses,
1056 439 1362 493 respondisset
1397 440 1469 482 no—

256 512 378 553 mini.

75 586 164 627 Sed
188 585 284 639 ipse
308 584 453 625 ubist?
520 583 594 625 SY.
644 584 718 625 Pol
754 584 876 625 illum
912 584 1068 638 reliqui
1100 586 1154 626 ad
1190 585 1469 628 Rhadaman-

256 664 347 698 tem
372 659 416 697 in
441 655 672 709 Cercopia.

74 729 156 771 CH.
207 729 320 783 Quis
345 729 522 769 homost
550 741 619 769 me
645 727 928 782 insipientior
951 729 1026 783 qui
1051 729 1147 783 ipse
1179 731 1358 784 egomet
1391 732 1468 773 ubi

256 801 339 842 sim
364 800 635 854 quae'ritem?

74 873 162 915 Sed
180 873 242 914 nil
266 871 547 914 disconducit
573 872 676 914 huic
702 872 778 914 rei.
845 873 949 927 quid
973 873 1064 915 ais?
1114 874 1220 928 quid
1243 875 1326 916 hoc
1350 877 1467 930 quod

253 946 298 987 te
322 945 456 999 rogo?
1403 957 1468 990 930

73 1017 199 1072 Quos
221 1018 342 1060 locos
368 1017 526 1058 adisti?
593 1017 667 1059 ΞΥ.
717 1017 918 1058 Nimium
950 1018 1196 1060 mirimodis
1227 1019 1464 1063 mirabiles.

72 1091 155 1132 CH.
206 1089 352 1132 Lubet
387 1090 551 1139 audire,
588 1089 675 1130 nisi
708 1089 1006 1132 molestumst.
1091 1091 1166 1133 ΞΥ.
1226 1091 1346 1145 Quin
1385 1093 1466 1134 dis-

253 1162 383 1216 cupio
406 1161 566 1203 dicere.

71 1223 283 1276 Omnium
314 1235 504 1288 primum
539 1233 583 1274 1'n
620 1234 810 1275 Pontum
845 1235 1022 1276 aduecti
1054 1227 1267 1277 Arabiam
1301 1237 1464 1279 terram

252 1321 420 1348 sumus.

70 1379 152 1421 CH.
200 1371 312 1428 Eho,
333 1393 388 1420 an
409 1379 542 1420 etiam
567 1378 781 1420 Arabiast
806 1379 850 1419 in
876 1379 1042 1420 Ponto?
1109 1379 1183 1421 Sv.
1232 1381 1341 1422 Est:
1375 1382 1464 1423 non

252 1451 326 1492 illa
347 1451 422 1492 ubi
446 1457 519 1492 tus
543 1451 754 1505 gignitur,

70 1523 159 1565 Sed
183 1524 258 1565 ubi
282 1522 556 1578 apsinthium
583 1524 631 1563 fit
656 1529 790 1577 atque
815 1523 961 1565 cunila
983 1524 1241 1578 gallinacea.
1399 1536 1464 1570 935

69 1596 152 1638 CH.
199 1595 399 1637 Nimium
443 1596 705 1650 graphicum
739 1596 858 1638 hunc
903 1595 1181 1650 nugatorem.
1268 1599 1345 1640 sed
1380 1613 1463 1653 ego

249 1681 346 1709 sum
371 1667 662 1721 insipientior,

68 1740 158 1795 Qui
181 1741 358 1794 egomet
382 1741 500 1781 unde
519 1741 695 1782 re'deam
719 1741 837 1782 hunc
861 1741 1066 1795 rogitem,
1084 1755 1198 1796 quae
1219 1744 1302 1797 ego
1326 1744 1459 1785 sciam

249 1818 384 1866 atque
407 1812 478 1854 hic
502 1812 670 1854 nesciat
690 1828 698 1854 :

68 1884 166 1925 Nisi
191 1884 295 1939 quia
317 1884 440 1925 lubet
465 1885 655 1938 experiri
679 1899 765 1939 quo
790 1887 1026 1927 e'uasurust
1050 1886 1253 1940 denique.

110 1989 184 2031 928.
212 1990 281 2021 For
297 1989 355 2021 the
372 1995 468 2032 story
484 1989 522 2021 of
538 1989 597 2021 the
618 1991 727 2022 Cerco·
796 2001 914 2023 comes
945 1991 1071 2033 simply
1098 1992 1335 2034 wonderfully.
1411 1994 1459 2025 So

57 2040 128 2074 pes,
145 2033 304 2075 changed
320 2035 393 2065 into
411 2044 493 2075 apes
510 2034 564 2065 for
581 2035 727 2075 tricking
795 2037 1007 2067 multimodis
1037 2038 1241 2068 omnimoda
1255 2047 1269 2074 ‚·
1297 2048 1356 2069 see
1389 2038 1459 2069 Cic.

64 2078 208 2120 Jupiter,
240 2089 298 2110 see
332 2078 434 2115 Ovid,
459 2079 599 2109 llletam.
627 2079 724 2110 XIV.
798 2081 856 2111 Or.
880 2089 949 2122 ¹53·

62 2132 106 2164 90
137 2122 174 2154 ff.
231 2123 306 2154 The
337 2122 450 2154 island
484 2123 668 2155 Pithecusa
698 2123 726 2155 is
840 2133 914 2166 932.
940 2125 1032 2166 quin
1057 2130 1208 2157 corrects
1233 2126 1292 2157 the
1323 2137 1460 2167 sugges-

65 2177 148 2198 near
166 2167 309 2208 Naples,
329 2167 391 2198 but
414 2167 473 2198 the
490 2167 601 2199 whole
620 2172 724 2210 story,
794 2168 869 2200 tion
894 2169 932 2200 of
956 2170 1182 2202 molestum:
1208 2171 1313 2212 ‘why,
1331 2181 1376 2202 on
1401 2171 1458 2203 the

63 2211 122 2243 the
145 2211 294 2244 allusion
319 2216 355 2242 to
372 2211 482 2243 which
500 2211 530 2243 is
551 2211 641 2243 from
666 2212 724 2244 the
794 2218 962 2256 contrary,
984 2215 1055 2245 I'm
1075 2225 1155 2256 very
1172 2215 1316 2247 anxious
1342 2221 1378 2246 to
1400 2216 1458 2247 tell

63 2255 177 2287 Greek
201 2257 290 2298 play,
308 2255 462 2297 belongs,
479 2255 517 2286 of
538 2266 669 2294 course,
686 2261 724 2288 to
793 2258 883 2299 you.’

62 2299 198 2341 legend.
837 2311 913 2343 935.
939 2303 1065 2334 cunila
1083 2304 1308 2344 gallinacea,
1326 2315 1457 2345 savory.

106 2353 181 2386 931.
206 2345 336 2376 locos:
361 2344 404 2375 cf.
421 2345 502 2381 loca,
519 2343 594 2383 864.
630 2345 726 2376 Plau·
838 2346 912 2387 938.
939 2347 1014 2378 nisi
1039 2348 1139 2388 quia,
1157 2354 1271 2388 except
1285 2349 1366 2379 that.
1417 2349 1457 2380 In

63 2393 119 2420 tus
136 2388 222 2420 does
239 2395 300 2420 not
318 2388 464 2420 observe
484 2389 543 2420 the
564 2388 725 2432 ordinary
795 2390 852 2421 the
877 2401 972 2422 same
1005 2402 1077 2434 way
1102 2394 1223 2423 Pseud.
1259 2402 1337 2431 107;
1373 2393 1456 2434 568;

62 2432 274 2469 distinction,
311 2434 406 2464 “loci
442 2434 621 2470 librorum,
653 2435 723 2465 loca
794 2435 884 2465 [eud.
914 2444 1006 2477 1025,
1024 2442 1088 2467 etc.
1138 2437 1324 2477 Esp.after
1341 2438 1457 2474 nescio,

62 2478 271 2509 terrarum.’'
283 2496 327 2500 —
340 2478 554 2510 mirimodis
570 2492 612 2504 =
628 2479 726 2520 origi·
794 2479 905 2510 where
930 2480 955 2510 it
979 2490 1159 2521 expresses
1176 2491 1197 2512 a
1213 2482 1384 2522 complete
1401 2481 1457 2513 ad-

63 2522 155 2564 nally
171 2523 272 2553 miris
299 2523 416 2559 modis,
434 2522 496 2553 but
520 2522 565 2564 by
587 2533 646 2553 use
671 2523 725 2555 be·
796 2524 962 2555 versative
979 2524 1066 2556 idea.
