1705 2719
168 201 229 232 102
774 201 861 231 l'LA
869 201 949 231 V'rt
1371 201 1436 244 [lv.
1456 210 1484 233 2.
1501 200 1554 234 68.

168 313 250 354 Cn.
297 312 411 352 Vide
436 312 565 352 modo
591 319 637 352 ut
663 311 886 352 hominem
914 310 1103 353 noueris.

349 398 445 424 me:
481 383 573 424 fieri
600 382 713 424 istuc
738 383 877 424 solet:

169 455 299 509 Quod
325 456 367 495 in
394 469 524 495 manu
549 454 702 495 tent-ais
726 463 858 508 atque
882 455 1022 496 oculis
1047 455 1210 504 uideas,
1242 455 1282 496 id
1313 455 1552 498 desideres.

1188 312 1260 354 ὃν.
1308 311 1553 367 Tamquam

170 527 353 568 Litteris
379 527 764 568 recomminiscar:
805 526 838 568 C
863 528 930 568 est
954 527 1217 580 principium
1245 526 1424 569 nomini.
1489 535 1555 571 9¹⁵

167 599 248 640 Cu.
297 599 484 640 Callias?
575 598 648 640 ΞΥ.
700 599 802 639 Non
837 600 916 640 est.
1007 598 1089 640 Cn.
1137 598 1390 652 Callippus?
1476 599 1551 641 ΞΥ.

349 670 451 711 Non
477 677 558 712 est.
627 670 707 711 Cu.
757 670 1094 711 Callidemides?

167 744 241 783 Sr.
291 743 392 783 Non
428 750 510 783 est.
591 742 673 783 Cu.
721 742 987 783 Callinicus?
1060 742 1134 783 ΞΥ.
1184 743 1285 783 Non
1320 749 1401 784 est.
1469 742 1550 784 CH.

349 814 694 855 Caillimarchus?
762 815 838 855 ΞΥ.
888 814 962 854 Nil
991 814 1108 867 agis:

169 887 325 940 Neque
349 887 458 926 adeo
486 886 641 939 edepol
668 886 793 927 flocci
813 886 943 934 facio,
969 885 1146 939 quando
1171 892 1348 939 egomet
1372 886 1554 927 memini

347 958 465 999 mihi.

166 1030 247 1071 Cu.
274 1022 337 1071 At
357 1030 473 1070 enim
492 1029 618 1070 multi
641 1029 878 1071 Lesbonici
894 1029 997 1070 si'mt
1017 1029 1112 1071 hic:
1135 1029 1220 1071 nisi
1240 1030 1400 1071 nomen
1416 1029 1554 1083 patris

168 1103 315 1151 Dices,
351 1116 440 1143 non
475 1116 655 1155 possum
691 1102 800 1143 istos
845 1108 1060 1143 mostrare
1104 1100 1308 1143 homines
1350 1115 1461 1155 quos
1504 1109 1553 1143 tu

346 1175 580 1228 quaeritas.
1487 1181 1554 1215 9²0

167 1246 297 1300 Quod
321 1247 375 1287 ad
395 1246 716 1300 exemplumst?
757 1245 1015 1287 coniectura
1033 1246 1071 1287 si
1090 1245 1283 1299 reperire
1301 1245 1548 1299 possumus.

167 1319 239 1360 ΞΥ.
289 1311 360 1359 Ad
406 1319 489 1359 hoc
535 1318 859 1371 exemplumst:
920 1317 1050 1359 Chzir.
1124 1318 1204 1359 Cn.
1253 1317 1451 1359 Chares?
1494 1330 1550 1359 an

348 1390 636 1432 Cheirmides?
704 1390 777 1431 ὃν.
828 1390 958 1431 Enim
980 1389 1258 1431 Chairmides.

168 1455 263 1510 Em,
302 1463 401 1504 istic
435 1463 545 1503 erit:
579 1462 652 1516 qui
687 1461 819 1503 istum
855 1462 898 1502 di
933 1462 1133 1515 perdant.
1200 1461 1280 1503 Cn.
1330 1460 1434 1502 Dixi
1467 1473 1551 1515 ego

347 1535 430 1575 iam
456 1534 620 1575 dudum
646 1533 755 1575 tibi:

164 1607 228 1647 Te
263 1607 410 1660 potius
442 1607 556 1647 bene
589 1605 736 1647 dicere
770 1612 1002 1659 aequomst
1038 1604 1204 1646 homini
1243 1604 1386 1646 amieo
1419 1603 1548 1659 quem

345 1679 469 1719 male.

165 1751 238 1792 ΞΥ.
287 1750 413 1792 Satin
450 1750 566 1791 inter
599 1749 720 1790 labra
753 1749 887 1803 aitque
921 1749 1078 1790 dentes
1112 1748 1241 1790 la'ituit
1272 1748 1341 1789 uir
1363 1747 1550 1790 minum(

345 1822 485 1875 preti?
1483 1826 1549 1862 9²5

205 1955 279 1996 918.
307 1956 422 1987 mihi:
450 1954 580 1986 Introd.
603 1963 639 1996 15
656 1966 688 1985 a.

205 2009 279 2040 920.
306 2006 511 2031 mostrare:
537 2010 593 2031 see
611 2009 642 2029 n.
660 2009 705 2029 on
725 2008 797 2040 342.

205 2053 278 2084 92¹·
305 2045 405 2085 quod
444 2044 492 2075 ad
537 2043 820 2084 exemplumst?

161 2088 204 2119 cf.
239 2089 294 2118 the
328 2098 472 2129 passage
498 2087 627 2129 quoted
664 2097 707 2117 on
744 2087 819 2126 874.

161 2133 261 2173 quod
295 2143 379 2170 goes
415 2132 494 2162 with
536 2131 821 2172 exemplum.—

162 2177 400 2208 coniectura:
418 2177 484 2207 abl.
497 2176 575 2207 with
589 2176 766 2216 reperire.
778 2194 821 2198 -—

162 2221 194 2252 si
214 2244 221 2251 .
242 2244 249 2251 .
270 2244 277 2251 .
301 2229 523 2261 possumus,
549 2225 580 2250 to
602 2231 651 2251 sce
674 2220 822 2250 whether

161 2276 209 2296 wc
225 2276 288 2295 can
307 2289 314 2296 .
336 2289 343 2294 .
362 2288 368 2294 .
386 2277 393 2301 ;
418 2275 459 2295 an
484 2264 645 2304 elliptical
670 2263 760 2294 form
785 2262 822 2293 of

161 2309 360 2349 expression
379 2308 487 2339 which
507 2309 568 2339 has
585 2308 732 2338 familiar
748 2317 821 2348 par-

162 2353 258 2383 allels
276 2354 308 2384 in
330 2353 426 2391 Engl.

205 2407 279 2437 922.
306 2397 420 2434 enim,
454 2407 523 2437 ycs.
571 2396 646 2427 The
687 2406 747 2427 use
785 2395 817 2426 in

161 2451 310 2472 answers
335 2442 362 2471 is
387 2451 560 2476 common,
586 2440 717 2480 though
744 2440 768 2470 it
793 2439 820 2471 is

162 2495 255 2516 more
272 2485 430 2526 frequent
450 2484 526 2515 with
546 2495 566 2515 a
583 2485 748 2523 negative.

206 2539 279 2570 923.
306 2529 394 2559 erit:
419 2539 476 2559 see
494 2539 583 2559 n.·0n
597 2527 818 2568 606.-qui:

890 1954 948 1986 the
972 1954 1122 1996 particle,
1138 1953 1245 1996 freely
1262 1952 1347 1985 used
1368 1952 1402 1984 in
1421 1962 1548 1985 curses.

891 1999 942 2030 Its
966 1999 1110 2039 original
1135 2008 1235 2030 sense
1259 1998 1288 2029 is
1312 2001 1374 2028 not
1391 2006 1471 2039 very
1487 1996 1550 2028 dif-

888 2043 999 2074 ferent
1030 2042 1119 2073 from
1153 2042 1228 2073 that
1259 2041 1298 2073 of
1329 2046 1375 2078 ut,
1403 2043 1547 2077 utinam,

888 2088 972 2118 how.

933 2140 1008 2171 924.
1037 2129 1240 2162 Charmides
1262 2127 1331 2161 had
1351 2134 1413 2160 not
1429 2127 1549 2161 before

890 2175 956 2205 had
989 2175 1148 2206 occasion
1175 2180 1212 2205 to
1236 2173 1354 2205 advise
1378 2173 1437 2204 the
1463 2182 1547 2214 syco-

885 2219 1015 2258 phanta
1048 2225 1109 2250 not
1142 2225 1178 2250 to
1209 2217 1316 2249 abuse
1347 2217 1401 2249 his
1423 2215 1548 2248 friend.

890 2263 964 2293 The
984 2262 1095 2294 words
1112 2262 1187 2294 dixi
1211 2271 1283 2303 ego
1306 2262 1382 2293 iam
1401 2261 1547 2293 dudum

889 2307 956 2338 tibi
975 2313 1076 2342 must,
1095 2306 1278 2343 therefore,
1292 2305 1380 2337 refer
1397 2310 1433 2336 to
1449 2314 1548 2336 some

888 2351 988 2382 other
1016 2350 1160 2387 remark,
1185 2360 1262 2381 now
1292 2349 1360 2381 lost
1391 2348 1545 2381 between

887 2403 951 2436 923
969 2394 1037 2426 and
1056 2404 1129 2435 924.

932 2447 1006 2479 925.
1033 2439 1152 2470 satin:
1169 2449 1226 2470 see
1244 2448 1274 2468 n.
1293 2447 1338 2469 on
1359 2438 1454 2478 Cape.
1469 2435 1544 2478 653.

891 2483 921 2514 It
946 2483 973 2514 is
998 2489 1059 2513 not
1083 2483 1137 2513 for
1162 2493 1273 2513 nonne
1293 2491 1333 2513 or
1350 2481 1407 2513 for
1421 2481 1548 2512 satisne

886 2533 934 2558 est
950 2550 956 2556 .
975 2550 982 2556 .
1000 2549 1007 2556 .
1025 2527 1170 2557 latuisse.
