1705 2719
106 180 154 203 ιν.
173 181 201 202 2.
224 171 309 213 ι22.]
652 171 953 202 TRINVMMVS
1440 172 1500 204 165

107 283 198 338 Qui
221 283 398 337 quidem
423 297 511 324 non
548 283 728 323 nouisse
765 283 930 336 possim
967 283 1144 337 quicum
1179 290 1372 325 aetatem
1408 286 1502 325 exe'-

288 368 442 408 gerim.

106 419 181 468 Ᾱη
206 427 278 467 ille
301 433 392 467 tam
417 433 535 467 esset
560 426 726 467 striltus
758 426 833 480 qui
865 427 972 467 mihi
996 427 1116 468 mille
1151 442 1379 468 nummum
1415 430 1503 469 cre-

289 499 414 539 deret

108 571 371 625 Philippum,
409 572 527 625 quod
561 584 632 612 me
665 570 819 611 aurtim
858 571 1033 611 deferre
1068 570 1194 612 idssit
1230 573 1283 612 ad
1317 572 1501 625 gnati'im

289 656 415 683 suom
1439 653 1504 685 955

108 707 261 770 Atque
291 715 345 756 ad
379 714 570 756 amicum
605 714 846 763 Calliclem,
873 715 976 768 quoi
1003 729 1094 756 rem
1125 715 1242 756 aibat
1267 716 1504 756 mandasse

290 787 361 828 hic
386 787 537 828 suam?

111 860 223 901 Mihi
257 860 557 908 concrederet,
586 860 631 900 ni
665 873 736 900 me
760 859 832 900 ille
865 860 909 901 et
944 872 1028 913 ego
1063 859 1185 901 illum
1221 874 1401 901 nossem
1434 860 1504 901 ad-

291 932 453 985 probe?

109 1004 191 1046 CH.
241 995 372 1044 Enim
398 1017 503 1044 uero
538 1017 621 1057 ego
653 1017 773 1044 nunc
805 1003 1110 1058 sycophantae
1133 1003 1235 1045 huic
1259 1004 1504 1058 sycophan-

291 1075 376 1116 tari
401 1075 514 1124 uolo,

111 1148 160 1190 Si
183 1147 301 1189 hl'mc
320 1161 502 1201 possum
529 1147 602 1188 illo
627 1147 747 1189 mille
778 1162 1009 1189 nummum
1048 1148 1299 1202 Philippum
1324 1148 1504 1190 circum-

291 1219 466 1269 difficere,

110 1292 244 1347 Quod
268 1293 353 1334 sibi
383 1307 454 1334 me
487 1293 665 1334 dedisse
699 1293 822 1335 dixit.
888 1307 1021 1348 quern
1055 1295 1138 1348 ego
1172 1293 1248 1348 qui
1282 1293 1339 1334 sit
1373 1294 1505 1335 homo

292 1366 443 1407 nescio
1440 1366 1506 1407 960

110 1439 268 1493 Neque
291 1438 432 1479 oculis
455 1445 558 1479 ante
582 1437 699 1480 brine
724 1439 841 1479 diem
865 1452 1074 1493 umquam
1099 1438 1202 1488 uidi,
1229 1439 1327 1480 eine
1350 1452 1504 1480 aurum

292 1511 542 1552 crederem?

111 1581 242 1637 Quoi,
278 1583 314 1624 si
357 1583 514 1637 capitis
559 1584 628 1624 res
668 1583 739 1633 sit,
775 1597 1006 1625 nummum
1041 1582 1281 1637 ni'imquam
1327 1583 1504 1625 credam

291 1654 561 1708 ph'imbeum.

109 1719 482 1782 Adgrediundust
506 1727 578 1769 hic
601 1727 733 1768 homo
758 1728 817 1769 mi
841 1735 953 1769 astu.
1020 1728 1145 1777 heus,
1174 1728 1272 1776 Pax,
1293 1734 1338 1768 te
1361 1727 1504 1768 tribus

293 1799 442 1840 uerbis
466 1799 581 1840 uolo.

110 1871 184 1913 SY.
230 1871 315 1913 Ve'l
338 1871 565 1913 trecentis.
641 1871 724 1913 CH.
773 1872 935 1913 Haben
961 1879 1009 1914 tu
1034 1873 1077 1914 id
1102 1886 1270 1921 aurum,
1298 1871 1414 1926 quod
1437 1885 1504 1913 ac-

293 1943 452 1997 cepisti
473 1958 498 1984 a
522 1943 787 1985 Charmide?

153 2074 227 2108 953.
257 2066 322 2108 qui
362 2067 516 2108 quidem
537 2078 543 2096 z
583 2076 604 2098 a
642 2067 771 2098 causal-

108 2109 324 2142 adversative
349 2112 473 2142 clause*
523 2110 576 2142 Cf.
598 2120 657 2153 552
679 2122 711 2142 n.
728 2130 771 2134 —

108 2154 184 2186 The
201 2155 406 2186 antecedent
421 2155 459 2186 of
475 2156 648 2196 qui-curn
666 2155 694 2187 is
713 2156 771 2187 the

107 2198 225 2241 object
242 2199 279 2230 of
295 2200 466 2232 nouisse.

151 2252 226 2284 954.
252 2254 455 2276 nummum
475 2255 481 2274 :
541 2244 598 2275 the
639 2245 772 2284 regular

106 2286 197 2318 form
215 2287 254 2318 of
271 2288 329 2319 the
347 2299 422 2328 gen.
441 2289 510 2329 plu.
528 2288 609 2319 with
628 2289 743 2320 mille.

151 2331 227 2373 956.
253 2333 485 2364 mandasse:
511 2343 557 2364 on
583 2333 641 2365 the
665 2333 770 2364 omis-

106 2375 182 2406 sion
194 2375 232 2406 of
246 2376 303 2407 the
317 2377 463 2418 subject,
475 2387 532 2408 see
546 2377 675 2408 Introd.
690 2387 730 2416 24
742 2378 768 2408 b.

151 2419 227 2459 960.
252 2430 367 2461 quem
387 2433 394 2450 :
437 2421 481 2463 by
512 2422 680 2462 prolepsis
712 2422 770 2453 the

107 2461 224 2502 object
258 2464 295 2494 of
326 2465 470 2502 nescio,
500 2465 581 2496 with
622 2466 687 2507 qui
720 2466 769 2497 sit

107 2505 223 2568 borno
241 2517 278 2539 as
296 2518 315 2538 a
331 2509 433 2539 fuller
450 2510 682 2550 explanation.

883 2067 958 2108 962.
984 2067 1134 2108 capitis,
1159 2067 1199 2109 (gf
1215 2067 1275 2109 lise
1297 2067 1372 2097 and
1392 2067 1500 2097 death.

842 2111 895 2142 Cf.
929 2123 990 2142 uae
1021 2113 1125 2152 capili
1157 2117 1342 2142 tuozuae
1377 2111 1503 2141 tibi.—

840 2156 1065 2197 plumbeum
1083 2168 1089 2186 :
1107 2157 1166 2192 i.e.‚
1185 2155 1365 2187 worthless
1385 2155 1502 2196 (coun-

840 2201 968 2241 terfeit)
1003 2201 1122 2236 coins;
1147 2200 1189 2231 cf.
1219 2202 1292 2231 Cas.
1328 2200 1400 2241 258,
1425 2201 1504 2240 quoi

839 2245 972 2275 lzomz'm’
981 2246 1090 2276 hercle
1102 2245 1198 2276 hodie
1208 2245 1325 2285 peculi
1340 2254 1503 2274 nummus

839 2300 905 2319 non
928 2294 977 2320 est
992 2289 1194 2330 plumbeus,·
1224 2289 1325 2319 sllast.
1343 2287 1426 2329 892;
1453 2298 1501 2324 or,

837 2331 997 2372 perhaps,
1023 2337 1210 2369 counters;
1236 2331 1279 2361 cf.
1305 2342 1429 2361 aurum
1456 2343 1502 2362 co-

838 2377 975 2413 micum,
1001 2377 1101 2407 Poen.
1123 2384 1204 2417 597;
1233 2376 1318 2405 Hor.
1338 2377 1404 2415 Ep.
1426 2376 1451 2405 Ι.
1472 2384 1500 2413 7.

840 2430 856 2443 ,,

861 2430 958 2505 3964.
983 2465 1056 2501 uel,
1082 2475 1171 2497 even.
1191 2464 1269 2494 with
1298 2463 1354 2494 the
1377 2473 1501 2504 proper

840 2520 952 2546 sense,
970 2510 1077 2551 {syon
1096 2509 1191 2544 wish,
1209 2508 1417 2549 prominent.
