1705 2719
167 181 210 210 80
778 178 864 208 PLA
873 178 953 208 VT1
1389 176 1438 219 [v.
1459 185 1486 208 2.
1508 185 1554 208 11.

169 292 366 331 'l'aindem
395 291 529 330 istaec
553 289 689 337 aufer,
715 289 785 329 dic
813 288 916 341 quid
951 288 1054 336 fers,
1082 287 1128 328 t'it
1160 288 1277 329 feras
1310 287 1414 330 hinc
1441 286 1556 342 quod

353 369 479 415 petis.

173 436 259 476 lle.
309 434 429 476 Saitis
474 432 734 474 facundu's:
783 433 858 474 sed
902 432 986 473 iam
1028 432 1122 473 fieri
1165 431 1284 473 dicta
1324 430 1558 486 compendi

353 506 463 546 uolo.
1493 502 1558 545 965

357 579 413 618 Vt
456 578 521 618 uis
562 578 648 617 fiat.
730 577 817 617 HE.
867 577 986 618 Bene
1026 576 1270 630 morigerus
1308 575 1391 617 fuit
1430 588 1559 629 puer:

355 664 470 690 nunc
496 648 581 689 non
606 649 748 689 decet.

172 581 307 620 sinu„

175 724 272 764 lloc
297 735 491 775 agamus.
541 721 624 761 iam
648 720 842 761 :inimum
868 721 1054 761 aduorte
1076 734 1126 761 ac
1150 720 1255 761 mihi
1280 732 1393 774 quae
1416 719 1559 761 dicam

355 793 562 834 edissere.

175 868 242 922 [Si
266 867 352 907 eris
378 880 522 913 uerax,
548 866 599 906 ex
625 865 712 905 tuis
737 865 869 905 rebus
894 864 1053 905 feceris
1077 863 1391 919 meliusculas]

175 940 311 980 Sin-u„
360 937 517 991 Nugae
554 937 690 978 istaec
725 945 855 977 sunt:
900 935 987 977 non
1022 949 1092 977 me
1123 950 1280 978 censes
1314 935 1427 977 scire
1457 935 1561 990 quid

355 1009 515 1063 dignus
540 1009 681 1050 siem?

177 1084 265 1124 HE.
315 1074 377 1123 Ᾱῖ
432 1096 484 1122 ea
536 1080 850 1135 subterfugere
903 1080 1022 1134 potis
1076 1094 1124 1121 es
1178 1080 1326 1134 pauca,
1382 1081 1419 1121 si
1474 1094 1562 1121 non

355 1154 512 1195 omnia.
1499 1160 1565 1193 970

176 1228 313 1270 STAL.
363 1225 504 1267 Pauca
537 1226 759 1279 effugiam,
796 1224 908 1266 scio:
950 1238 1050 1265 nam
1087 1224 1227 1265 multa
1262 1225 1484 1273 euenient,
1519 1230 1564 1264 et

357 1297 516 1339 merito
539 1311 649 1345 meo,

176 1371 292 1424 Quia
315 1378 358 1411 et
385 1370 477 1424 fugi
501 1377 545 1410 et
569 1369 652 1410 tibi
675 1368 862 1422 surripui
886 1368 1027 1408 filium
1053 1374 1096 1408 ct
1121 1381 1221 1408 curn
1247 1368 1437 1410 uendidi.

178 1444 266 1484 ΗΕ.
313 1442 432 1496 Quoi
477 1441 675 1482 homini?
761 1441 899 1482 STAL.
947 1439 1302 1480 Theodoromedi
1345 1440 1387 1480 in
1433 1432 1565 1481 Alide

360 1513 609 1569 I'olyplusio

177 1587 262 1628 Sex
298 1586 439 1627 minis.
510 1586 597 1626 HE.
648 1585 728 1625 Pro
756 1584 800 1625 di
835 1583 1116 1625 inmortales:
1157 1583 1191 1624 1's
1222 1584 1398 1638 quidem
1433 1583 1565 1624 huius

357 1659 423 1699 est
448 1665 573 1711 pater
1240 1655 1246 1662 '

178 1730 424 1771 Philocrati.
493 1729 630 1771 STAL.
678 1728 799 1782 Quin
832 1727 986 1769 melius
1021 1727 1123 1768 noui
1152 1726 1282 1781 que'un
1316 1733 1364 1768 tu
1396 1733 1439 1768 et
1474 1727 1564 1768 uidi

153 1801 159 1812 '
358 1802 541 1855 saepius.
1498 1807 1564 1841 975

178 1875 265 1914 HE.
315 1874 466 1922 Semta,
495 1873 693 1926 Iuppiter
717 1885 932 1926 supreme,
959 1878 1002 1912 et
1034 1884 1104 1912 me
1127 1872 1172 1912 et
1202 1884 1348 1912 meum
1378 1869 1561 1924 gnatum

356 1946 475 1986 mihi.

179 2018 460 2065 Philocrates,
487 2030 564 2070 per
588 2016 708 2056 tuom
740 2023 785 2056 te
813 2015 991 2069 genium
1015 2013 1212 2062 obsecro,
1239 2014 1332 2055 exi:
1370 2015 1415 2055 te
1445 2013 1560 2056 uolo.

902 2107 1050 2140 drawled
1068 2113 1129 2139 out
1146 2107 1226 2138 with
1244 2107 1448 2139 intentional
1467 2107 1563 2139 slow-

217 2112 291 2152 964.
319 2112 440 2142 istaec
474 2109 592 2147 aufer,
624 2111 708 2150 drap
735 2110 810 2140 that
823 2120 832 2143 ,-

903 2163 981 2184 ness
998 2151 1065 2183 and
1083 2152 1261 2193 precisiom
1275 2151 1413 2192 making
1425 2161 1446 2183 a
1456 2161 1563 2193 pause

181 2157 278 2187 Truc.
304 2156 380 2191 861,
397 2155 497 2197 auser
517 2165 632 2195 nugas,
657 2159 726 2193 stop
743 2165 835 2193 your

175 2211 345 2231 nonsc‘llse.

217 2244 291 2285 965.
317 2244 544 2284 compendi:
572 2241 704 2274 Introd.
728 2251 762 2278 ¹4
781 2242 812 2272 d.

217 2289 292 2329 969.
318 2287 412 2329 quid
425 2289 564 2329 dignus
583 2287 692 2323 siem,
706 2287 799 2317 what
810 2286 833 2315 l

173 2335 327 2370 deser-vm
357 2332 492 2364 Introd.
514 2332 552 2363 10
566 2344 597 2363 a.

218 2389 283 2419 970
299 2379 320 2409 f.
347 2387 484 2420 pauca,
501 2377 611 2417 ascw.
625 2375 686 2406 but
705 2374 834 2414 Stalag-

175 2433 251 2453 rnus
278 2430 412 2463 repeats
438 2423 462 2452 it
487 2432 526 2452 as
550 2420 576 2451 if
599 2420 626 2450 it
650 2429 736 2450 were
750 2419 832 2459 few,

174 2468 252 2507 only
268 2468 380 2507 ascw.

217 2519 292 2552 973.
318 2511 394 2541 The
419 2510 512 2551 reply
529 2508 570 2554 οἱ,
591 2508 789 2548 Stalagmus
805 2507 834 2537 is

902 2197 990 2228 after
1007 2196 1090 2228 each
1111 2196 1317 2237 particular:
1343 2196 1563 2228 Theodoro-

903 2241 1004 2272 medi
1021 2260 1064 2263 —
1082 2241 1119 2271 in
1149 2241 1261 2272 Alide
1278 2259 1321 2263 —
1340 2240 1563 2281 Polyplusio

902 2295 1023 2316 —sex
1048 2285 1175 2316 minis.
1224 2284 1280 2316 Cf.
1313 2283 1372 2316 the
1404 2284 1500 2326 reply
1524 2283 1564 2316 of

904 2330 1022 2365 Ballio,
1040 2330 1096 2359 l’s.
1116 2337 1277 2371 343—345.

946 2373 1020 2413 976.
1050 2383 1162 2405 serua
1196 2396 1205 2404 .
1232 2396 1240 2404 .
1267 2395 1276 2404 .

902 2429 978 2449 save
1001 2418 1076 2448 mc!
1124 2418 1172 2449 So
1196 2417 1290 2448 Men.
1320 2425 1428 2456 11143
1463 2417 1561 2448 Curc.

902 2461 977 2500 64o‚
995 2467 1058 2492 etc.
1107 2461 1162 2492 Cf.
1179 2472 1296 2492 seruas
1311 2471 1371 2497 me,
1389 2459 1464 2500 768.

946 2515 1020 2547 977.
1046 2515 1114 2546 per
1137 2511 1244 2537 tuom
1276 2509 1340 2536 te:
1369 2504 1438 2536 this
1460 2502 1563 2537 order

1308 2382 1383 2411 me,
1422 2371 1563 2404 Heaven
