1705 2719
118 217 151 239 v.
174 218 200 239 1.
220 208 287 250 21.]
721 207 922 238 CAPTIVI
1478 207 1519 239 77

120 320 358 374 Quomque
383 318 508 359 illaec
533 319 749 372 repertast
776 319 884 358 fides
910 319 1035 358 firma
1059 318 1198 359 nobis.

120 393 303 433 PHiLOP.
352 391 473 432 Satis
509 391 594 431 iam
629 391 748 431 dolui
784 403 836 430 ex
869 390 1017 430 animo
1052 397 1095 431 et
1141 404 1257 439 cura,
1294 390 1402 431 satis
1447 405 1518 431 me

205 461 208 464 ’
300 463 508 504 lacrumis
532 462 751 504 maceraui
780 463 914 518 [hoc],

120 536 239 578 Satis
275 536 360 577 iam
394 535 543 576 audiui
577 534 678 575 tuas
708 549 942 575 aerumnas
975 534 1029 575 ad
1054 541 1230 588 portum
1266 535 1375 576 mihi
1409 536 1517 590 quas

303 608 587 649 memorasti:

121 681 220 722 Hoc
253 695 451 735 agamus.
520 681 735 721 PH1LOCR.
790 679 908 734 Quid
949 693 1081 728 nunc,
1122 681 1330 734 quoniam
1368 682 1515 722 tecum

302 753 479 795 seruaui
501 754 632 794 fidem
1453 762 1518 795 930

118 826 309 880 Tibique
332 827 451 868 hunc
475 827 683 867 reducem
708 826 752 866 in
779 825 1032 867 libertatem
1058 826 1168 867 fe'ci?
1217 827 1304 867 HE.
1350 827 1517 867 Fecisti

302 898 349 939 ut
373 899 468 947 tibi,

120 971 402 1020 Philocrates,
429 970 669 1025 numquam
695 971 861 1011 referre
885 971 1074 1025 gratiam
1099 971 1265 1024 possim
1291 972 1432 1020 satis„

120 1044 308 1084 Proinde
351 1050 399 1084 ut
444 1050 493 1084 tu
538 1043 821 1096 promeritu's
867 1044 922 1084 de
967 1057 1038 1084 me
1073 1050 1116 1084 et
1151 1044 1257 1085 filio.
1328 1045 1513 1085 PH1LOP.

302 1116 444 1157 Immo
468 1123 609 1169 potes,

120 1188 261 1237 Pater,
292 1196 336 1229 et
371 1188 538 1241 poteris
573 1189 616 1229 et
651 1201 734 1242 ego
769 1194 924 1241 potero
959 1195 1003 1229 et
1038 1188 1082 1229 di
1115 1202 1211 1229 eam
1246 1190 1515 1242 potestatem

300 1261 482 1309 dabunt,
1452 1271 1517 1302 934

118 1334 178 1374 Vt
202 1333 468 1374 beneficium
493 1333 606 1374 bene
631 1333 820 1373 merenti
845 1332 998 1373 nostro
1023 1333 1182 1373 merito
1206 1332 1440 1374 muneres:

119 1406 244 1447 Sicut
268 1412 317 1446 tu
340 1406 442 1447 huic
465 1406 604 1459 potes,
632 1412 759 1459 pater
782 1406 853 1454 mi,
881 1405 1029 1447 facere
1052 1406 1212 1446 merito
1237 1406 1452 1447 maxume.

120 1478 207 1519 HE.
258 1478 377 1531 Quid
412 1485 544 1531 opust
586 1478 764 1519 uerbis?
832 1478 983 1532 lingua
1018 1478 1182 1519 nullast
1227 1479 1312 1532 qua
1356 1492 1514 1532 negem

250 1605 255 1610 ·
299 1550 514 1604 quidquid
539 1564 681 1604 roges.

120 1623 336 1664 PHILOCR.
386 1622 567 1663 Postulo
601 1624 681 1663 abs
715 1629 774 1671 te,
801 1629 849 1664 ut
885 1623 944 1663 mi
990 1623 1112 1664 illum
1149 1624 1306 1664 reddas
1342 1625 1515 1664 se'ruom

299 1709 431 1749 quem
456 1695 527 1736 hic
552 1695 816 1749 reliqueram

121 1767 285 1820 Pignus
310 1781 388 1820 pro
414 1758 599 1821 mesqui
623 1768 730 1808 mihi
750 1767 906 1808 melior
929 1767 1060 1822 quam
1087 1768 1171 1809 sibi
1197 1769 1372 1821 sempe'r
1395 1768 1493 1815 fuit,

121 1839 201 1880 Pro
224 1839 473 1881 benefactis
492 1840 587 1880 eius
612 1846 660 1880 ut
685 1840 725 1880 ei
749 1840 940 1893 pre'tium
967 1840 1134 1893 possim
1160 1841 1356 1882 reddere.
1453 1849 1518 1880 940

121 1912 209 1953 HE.
258 1911 390 1966 Quod
425 1913 540 1953 bene
573 1912 735 1960 fecisti,
763 1912 982 1953 referetur
1005 1912 1160 1966 gratia.
1228 1913 1271 1953 id
1305 1913 1421 1966 quod
1446 1912 1517 1965 po-

301 1984 454 2032 stulas,

161 2116 236 2148 927.
263 2107 372 2138 illaec
405 2107 511 2144 fides,
545 2107 600 2137 tlte
630 2109 784 2147 promise
898 2117 971 2149 941.
998 2109 1111 2149 quod,
1131 2113 1206 2143 etc„
1224 2119 1261 2138 as
1285 2113 1316 2138 to
1339 2108 1431 2138 what
1448 2119 1516 2148 you

117 2153 215 2182 made
245 2152 284 2192 by
307 2152 375 2182 this
407 2162 498 2187 man,
534 2151 662 2183 Philoc.
853 2153 937 2183 have
953 2154 1036 2184 done
1059 2155 1094 2183 in
1120 2153 1174 2184 tlte
1197 2163 1273 2192 :tuly
1290 2153 1330 2193 qf
1346 2153 1516 2188 kimlness,

162 2205 236 2237 930.
261 2197 334 2228 hoc
353 2205 530 2237 agamus,
544 2197 590 2227 let
605 2207 644 2227 us
657 2197 776 2228 attend
854 2208 924 2237 you
965 2198 1059 2227 shall
1098 2198 1132 2228 be
1167 2198 1317 2228 thankcd
1355 2197 1432 2238 (fin-
1464 2198 1516 2235 it).

117 2245 148 2270 to
164 2241 259 2271 what
272 2251 321 2271 we
333 2241 418 2272 have
434 2246 466 2271 to
482 2242 546 2277 do;
563 2240 605 2271 cf.
624 2251 698 2280 444.
852 2242 953 2282 quod
985 2242 1014 2273 is
1043 2242 1099 2272 rel.
1132 2252 1230 2282 pron.
1255 2241 1335 2272 with
1362 2240 1515 2272 anteced.

163 2293 237 2326 933.
262 2285 421 2327 proinde
440 2291 501 2316 ut:
526 2284 578 2326 cf..
589 2294 650 2326 307
672 2297 703 2315 n.
821 2295 829 2303 ·
852 2285 998 2316 omitted
1037 2285 1105 2317 and
1145 2286 1312 2327 probably
1352 2292 1412 2316 not
1453 2285 1516 2316 dis-

163 2338 237 2370 934.
265 2331 355 2361 Scan
373 2330 411 2361 di
432 2327 517 2368 eam
536 2329 781 2370 potestatem.
853 2331 974 2372 tinctly
1013 2330 1218 2367 conceived;
1263 2341 1302 2361 so
1345 2330 1419 2360 that
1459 2330 1517 2361 the

162 2382 237 2415 935.
261 2375 360 2405 bene
380 2374 543 2405 merenti
561 2380 704 2411 nostro,
719 2378 788 2404 eur·
851 2375 1068 2415 pronominal
1096 2375 1192 2406 force
1220 2375 1249 2406 is
1281 2375 1407 2405 almost
1437 2375 1515 2405 lost.

118 2418 309 2459 benefactor.
336 2419 384 2450 So
398 2419 592 2449 beneuolens
609 2429 646 2450 as
660 2418 780 2454 subst„
852 2419 908 2450 Cf.
920 2419 994 2460 961,
1008 2419 1081 2460 996,
1094 2420 1185 2460 quod
1192 2420 1362 2460 malefeci,
1374 2421 1515 2450 crucior.

126 2462 222 2492 Trin.
241 2462 294 2501 46,
311 2469 375 2494 etc.
812 2483 815 2486 >
853 2464 891 2493 In
917 2473 982 2504 943
1004 2464 1062 2494 the
1092 2464 1183 2494 main
1211 2464 1326 2494 clause
1353 2463 1517 2503 precedes

163 2506 238 2547 938.
263 2507 510 2548 reliqueram:
537 2517 583 2538 on
601 2512 708 2544 tense,
724 2517 781 2538 see
851 2507 909 2538 the
935 2508 1004 2544 rel.,
1022 2507 1090 2538 and
1116 2508 1174 2538 the
1193 2507 1339 2538 omitted
1358 2507 1513 2538 anteced.

121 2549 253 2581 Introd.
273 2560 309 2581 21
330 2553 360 2581 d.
851 2552 879 2582 is
897 2562 993 2582 more
1010 2551 1186 2593 distinctly
1205 2551 1355 2592 implied.
