1705 2719
199 180 261 212 150
802 182 979 212 PLAVTI

1391 180 1464 224 [ιιι.
1482 189 1512 224 3.
1529 180 1580 223 38.

200 293 242 333 Is
266 293 395 333 homo
419 294 654 333 exornetur
676 292 888 346 graphice
913 293 955 333 in
981 292 1261 346 peregrinum
1286 293 1486 334 modum:

198 364 396 417 †Ignota
418 364 555 405 facies
578 366 690 418 quae
714 378 802 405 non
828 364 1007 406 uisitata
1037 365 1093 406 sit

197 436 569 492 (Mendacilocum
613 436 819 490 aliquem.

377 508 530 561 postea
540 509 573 562 ?)

196 580 516 633 †Falsidicum,
535 581 847 622 confidentem.

901 437 981 478 CA.
1030 436 1149 490 Quid
1191 436 1227 478 is
1264 436 1403 492 [i]scit
1435 436 1584 478 facere

916 580 997 622 CA.
1046 580 1164 634 Quid
1189 587 1283 621 turn
1309 579 1489 634 postea?
1520 588 1586 621 770

197 653 241 693 M
251 666 288 693 E.
337 652 478 706 Quasi
500 651 554 693 ad
572 653 902 694 adulescentem
927 652 952 693 a
974 658 1099 706 patre
1123 666 1175 693 ex
1200 651 1404 694 Seleucia

195 724 372 773 Veniat,
398 725 586 765 salutem
611 724 651 765 ei
675 724 848 766 nuntiet
873 724 1021 765 uerbis
1045 724 1205 777 patris:

198 796 325 838 Illum
351 798 464 838 bene
488 810 643 850 gerere
668 810 758 837 rem
784 798 826 838 et
852 796 997 837 ualere
1021 802 1064 837 et
1090 796 1242 837 uiuere

199 870 255 910 Et
280 868 380 910 eum
406 869 649 910 rediturum
675 868 887 910 actutum.

198 943 340 982 Duas:
379 941 453 982 eas
477 955 558 982 nos
583 941 908 994 consignemus,
933 940 1056 994 quasi
1075 940 1162 981 sint
1186 939 1211 981 ἑ.
1233 946 1370 994 patre.

954 868 1068 909 ferat
1093 867 1307 921 epistulas

1522 947 1587 982 775

199 1015 285 1054 Det
310 1013 491 1054 alteram
518 1013 593 1061 illi,
626 1011 631 1071 1
660 1012 842 1054 zilteram
868 1012 985 1054 dicat
1009 1012 1090 1053 tibi

199 1087 316 1127 Dare
339 1087 437 1127 sese
461 1085 586 1126 uelle.

656 1086 736 1126 CA.
787 1085 923 1138 Perge
947 1098 1077 1138 porro
1100 1084 1259 1126 dicere.

200 1159 290 1199 ME.
337 1158 484 1212 Seque
506 1157 659 1198 aurum
685 1157 800 1198 ferre
825 1157 986 1210 uirgini
1009 1157 1158 1197 dotem
1182 1155 1207 1197 a
1229 1161 1353 1209 patre

199 1230 330 1271 Dicat
355 1236 613 1283 patremque
638 1229 679 1270 id
706 1228 888 1287 iussisse
911 1242 1064 1269 aurum
1088 1227 1170 1269 tibi
1193 1228 1311 1270 dare.

197 1303 344 1343 Tenes
380 1302 490 1342 iam?

379 1374 552 1415 lubens.

578 1301 659 1343 CA.
708 1301 1045 1354 Propemodum,
1081 1299 1214 1354 atque
1256 1298 1457 1341 ausculto
1494 1300 1586 1354 per-

1523 1369 1588 1411 780

200 1448 290 1487 ΜΕ.
337 1447 450 1487 Tum
474 1445 522 1486 tu
546 1445 681 1499 igitur
704 1446 881 1486 demum
908 1443 1184 1485 adulescenti
1207 1442 1361 1484 aurum
1385 1442 1524 1493 dabis,

201 1518 285 1559 Vbi
309 1518 391 1559 erit
416 1517 560 1559 locata
582 1517 708 1570 uirgo
734 1517 776 1557 in
804 1515 1146 1557 matrimonium.

199 1591 279 1632 CA.
328 1590 450 1632 Scite
474 1589 620 1631 hercle
643 1602 762 1630 sane.

380 1661 558 1710 foderis,

834 1589 923 1629 ΜΕ.
975 1588 1089 1637 Hoc,
1116 1586 1189 1629 tibi
1212 1587 1503 1628 thensaurum
1526 1586 1587 1630 ef.-
1613 1645 1620 1651 .
1674 1603 1675 1606 ¹

200 1734 509 1788 Suspicionem
534 1734 589 1774 ab
611 1732 898 1775 adulescente
926 1731 1160 1773 amoueris.

198 1829 376 1866 uisitata;
399 1828 443 1859 cf.
471 1828 593 1858 Pseud.
623 1836 697 1866 727,
719 1829 780 1868 qui
804 1827 857 1858 leic

199 1885 265 1903 non
290 1875 448 1903 uisitatus
474 1877 568 1912 saepe
598 1873 665 1910 sit).
694 1871 769 1902 who
793 1881 855 1902 can

199 1918 255 1949 tell
280 1928 299 1948 a
321 1916 414 1957 good
433 1917 477 1947 lie
497 1915 564 1946 and
588 1915 675 1946 stick
700 1921 735 1946 to
756 1915 804 1946 it.'

243 1971 315 2001 772.
356 1961 484 1992 uerbis
523 1960 665 2001 patris:
712 1969 733 1990 a
771 1959 857 1990 little

200 2016 293 2037 more
311 2005 392 2036 than
407 2006 444 2035 in
457 2005 510 2034 ln's
518 2004 668 2046 sallecr's
681 2015 781 2034 name
799 2003 855 2044 (cf.

198 2051 280 2081 meis
303 2050 423 2085 uerbis,
441 2048 520 2089 etc.)
537 2060 544 2086 ;
570 2048 624 2079 ‘in
641 2048 726 2079 such
745 2047 857 2078 words

198 2105 236 2125 as
264 2094 317 2125 his
344 2093 458 2124 father
484 2091 597 2123 would
629 2092 712 2128 use‚’
738 2091 805 2123 and
831 2092 856 2123 it

198 2133 396 2169 introduces
421 2137 480 2168 the
507 2136 650 2168 indirect
679 2135 856 2168 discourse

199 2183 236 2213 of
253 2183 310 2214 the
328 2188 408 2213 next
425 2181 512 2218 line;
537 2181 579 2212 cf.
599 2181 723 2212 Bacch.
740 2189 813 2222 731.

244 2235 316 2268 773.
342 2228 452 2263 bene,
483 2230 564 2257 etc-z
605 2224 648 2256 cf.
677 2225 754 2255 bene
785 2235 854 2255 rem

193 2283 293 2310 geras
316 2277 347 2302 et
369 2271 484 2301 ualcas
501 2279 546 2300 on
571 2279 592 2300 a
612 2269 709 2300 tomb
730 2279 775 2299 on
799 2268 856 2298 the

200 2316 336 2356 Appian
358 2315 446 2356 XVay
469 2314 521 2351 (C.
534 2314 563 2343 l.
577 2314 627 2350 L.,
658 2313 683 2343 I.
707 2312 813 2353 1006).

244 2369 317 2401 775.
343 2357 440 2390 dffas
465 2357 551 2390 Eas:
579 2357 710 2388 Introd.
729 2357 779 2397 38.

244 2413 316 2443 777.
342 2412 459 2444 perge
493 2411 604 2443 porro
637 2402 786 2432 dicere:
814 2400 857 2431 cf.

200 2453 302 2488 perge
312 2453 417 2487 porro
428 2447 599 2487 proloqui,
621 2446 690 2476 162.

244 2493 317 2531 780.
343 2491 634 2532 propemodum,
659 2490 749 2530 quite
772 2489 858 2525 well,

199 2542 260 2567 not
279 2536 408 2577 nearly,
425 2536 556 2574 almost,
570 2543 608 2565 as
625 2534 659 2564 in
675 2534 755 2564 Lex.
803 2531 858 2563 Cf.

930 1826 1049 1857 Pseud.
1070 1825 1143 1865 276,
1160 1826 1220 1857 sed
1227 1825 1297 1856 scin
1320 1825 1407 1866 quid
1421 1835 1482 1857 nos
1496 1825 1589 1856 uolu-

929 1871 1033 1901 mus?
1057 1874 1070 1908 ΙΙ
1092 1870 1155 1910 pol
1181 1879 1238 1910 ego
1261 1869 1528 1910 propemodum:
1551 1872 1590 1900 ut

929 1915 1017 1946 male
1041 1915 1084 1945 sit
1106 1914 1218 1951 milzi;
1243 1913 1338 1944 Men.
1363 1913 1438 1953 764,
1465 1923 1586 1945 uerum

922 1959 1165 1999 propemodum
1183 1958 1251 1988 iam
1272 1959 1338 1989 scio
1353 1957 1440 1999 quid
1451 1957 1514 1989 siet
1527 1957 1585 1988 rei.

929 2003 1013 2034 This
1037 2003 1066 2033 is
1090 2013 1112 2034 a
1134 2001 1319 2044 colloquial
1337 2012 1406 2038 use,
1423 2000 1493 2033 like
1507 2002 1588 2032 sads

927 2048 1002 2083 scio,
1020 2047 1046 2077 l
1055 2047 1154 2078 know
1169 2047 1261 2087 quite
1276 2046 1364 2077 well.

971 2091 1045 2131 78¹.
1073 2090 1199 2122 Notice
1226 2089 1285 2122 the
1309 2089 1496 2131 colloquial
1525 2089 1590 2121 ful-

927 2146 1006 2167 ness
1023 2135 1061 2166 of
1080 2135 1197 2176 igitur
1215 2134 1413 2175 (temporal)
1432 2134 1588 2166 demum

928 2203 936 2210 .
956 2204 963 2211 .
984 2203 993 2210 .
1011 2178 1411 2211 ubi.—adu1eseenti:
1450 2183 1488 2210 to
1510 2178 1589 2210 Les-

927 2223 1080 2260 bonicus,
1097 2229 1133 2255 to
1147 2222 1189 2254 be
1205 2222 1286 2264 paid
1303 2232 1387 2254 over
1401 2221 1448 2264 by
1462 2221 1536 2254 him
1550 2226 1588 2254 to

928 2268 1104 2310 Lysiteles.

971 2312 1034 2354 783
1066 2311 1090 2342 f.
1130 2312 1226 2343 hoc:
1265 2310 1332 2342 abl.
1345 2309 1589 2352 —suspicio-

927 2365 1036 2387 nem:
1071 2355 1183 2387 active
1222 2355 1254 2386 in
1294 2365 1395 2387 sense
1433 2353 1502 2385 and
1539 2355 1588 2386 ab

928 2400 1187 2437 adulescente,
1205 2409 1248 2430 on
1270 2399 1325 2430 tlte
1341 2408 1463 2439 young
1478 2398 1590 2429 man's

923 2448 1014 2483 part.
1039 2444 1067 2474 is
1104 2443 1188 2475 used
1219 2442 1300 2474 with
1325 2441 1587 2484 suspicionem

928 2487 1061 2518 instead
1093 2487 1131 2518 of
1154 2497 1174 2518 a
1198 2486 1389 2528 subjective
1415 2495 1492 2528 gen.
1511 2495 1520 2526 3
1543 2484 1586 2517 cf.

932 2531 1061 2562 Introd.
1085 2531 1122 2562 18
1138 2543 1170 2562 a.
